3976 6064
107 324 185 398 sorr
434 313 639 382 conusur.
662 317 705 386 ua
727 268 1016 385 senatorium.
1039 351 1078 368 -
1099 319 1173 386 ιιι.
1197 320 1278 398 viu,
1300 321 1388 384 ere.
1411 321 1493 384 ιιιι.
1736 325 1814 400 toro

105 457 201 520 iecere
215 455 318 523 uoluit,
333 453 584 528 promittendus«
598 453 626 512 si
639 453 705 526 quis
715 451 803 513 hebet
816 466 927 521 aurem,
943 453 971 526 Α
987 453 1060 512 tides
1074 455 1225 528 prebenda
1239 459 1294 526 eat,
1310 456 1380 530 quia
1394 455 1548 518 heatisills
1559 455 1773 531 iaciatquidam
1784 462 1813 526 st

104 548 217 608 audiat.
234 567 249 598 ι
264 545 334 614 Quis
350 549 449 601 sutem
461 544 496 600 sd
509 543 595 600 istam
606 559 706 600 vocem
717 541 929 606 husitetiouis
983 545 1204 616 prosperabitur
1214 550 1242 604 et
1252 544 1489 618 dirigeturdoius
1501 562 1627 606 romanu
1638 548 1757 619 ejunii
1767 547 1810 610 illi

103 653 161 694 non
173 635 272 694 statim
285 633 513 708 propositionem
522 648 619 689 reram
631 647 696 692 ecee
708 631 857 699 concedet,
869 647 929 702 que
982 633 1281 696 nihilominustemen
1290 636 1411 694 credent
1421 640 1809 710 etperseuercnterprovsro

101 725 194 784 dicits
208 725 284 790 «Qui
300 725 330 780 in
342 722 539 796 csptiritatem
552 721 676 789 duxerit,
688 721 718 778 in
729 719 927 793 captivitatem
982 721 1130 782 habebunt
1144 724 1173 782 id
1189 725 1269 796 quod
1284 725 1461 793 dictumest,
1474 725 1604 799 quiequi
1619 727 1649 790 io
1660 726 1810 798 captivita-

99 817 200 874 vadet:
212 815 303 888 etqui
315 814 413 888 gladio
424 813 572 882 occiderit,
583 817 773 886 oporteteum
790 811 928 870 similitor
980 817 1038 872 tem
1054 814 1171 872 duxerit
1186 813 1391 888 captivabitur,
1407 819 1436 872 et
1463 815 1510 887 qui
1539 816 1637 888 giudic
1660 816 1807 888 occiderit,

99 907 193 966 occidi
207 905 330 964 iridem
340 921 468 978 nemque
480 905 682 976 setiquodoum
695 903 776 962 Petro
788 903 925 964 dixisset:
980 901 1044 974 ipse
1057 903 1195 962 similiter
1207 903 1366 966 occidetur.
1384 904 1441 964 Nec
1455 921 1522 962 vero
1538 905 1728 966 frustrabitur
1747 906 1807 968 huc

100 1017 115 1048 ιι
133 999 272 1054 converte
287 994 419 1068 gladium
437 999 519 1052 tuum
534 994 564 1050 in
581 993 677 1052 locum
694 1009 791 1058 suum,
806 1014 820 1044 ιι
832 991 924 1052 conti·
980 990 1122 1062 patientie
1136 991 1268 1066 fidesque
1283 997 1462 1060 sanctorum,
1483 995 1553 1066 quie
1568 999 1633 1067 post
1647 993 1735 1056 ilnem
1760 995 1806 1060 sol

101 1101 161 1142 nuo
177 1083 351 1156 subjunxit:
367 1105 383 1135 ιι
398 1098 500 1140 omnes
515 1081 594 1141 enim
610 1080 659 1153 qui
679 1079 844 1153 roceperint
861 1078 926 1152 gla·
979 1080 1260 1139 consummationem
1271 1083 1363 1140 bestie
1373 1083 1411 1142 iic
1421 1084 1575 1142 occisionis
1586 1101 1651 1156 quse
1666 1100 1717 1156 per
1728 1101 1807 1142 mena

98 1173 194 1242 dium,
215 1171 314 1246 giudic
331 1169 808 1246 peribunt(liotth.xxvr).»Uhiet
820 1170 927 1226 auhau·
979 1171 1804 1246 sssqusdraginteduosprotelabiturinoabbreviabitur,

99 1263 306 1330 diendumest,
318 1261 373 1318 nisi
387 1260 587 1334 poeniteutiam
599 1260 725 1334 egerint:
738 1259 927 1332 quemadmc·
979 1260 1133 1318 interficiet
1147 1260 1232 1318 illum
1247 1261 1390 1321 Dominus
1404 1263 1492 1322 iesus
1507 1263 1610 1336 spiritu
1627 1263 1685 1322 oris
1705 1263 1752 1320 sui
1775 1267 1805 1322 et

98 1353 170 1410 dum
186 1355 215 1410 et
229 1353 259 1410 in
275 1351 348 1423 lege,
367 1351 414 1407 uhi
431 1351 542 1408 dictum
562 1354 617 1418 eet,
633 1349 684 1422 qui
705 1347 759 1406 hoo
783 1347 828 1406 vel
851 1346 923 1404 illud
978 1350 1106 1408 destruet
1129 1350 1324 1412 illustretione
1347 1352 1489 1416 educatus
1514 1353 1559 1414 sul
1587 1354 1623 1424 (il
1650 1353 1738 1414 There.
1760 1352 1802 1426 ui,

98 1442 208 1500 iecerit.
233 1441 361 1513 Exempli
387 1439 594 1512 grstiemoui
617 1439 795 1512 percusserit
823 1438 924 1496 volens
977 1439 1136 1511 Sequiturr

97 1531 248 1588 hominem
264 1529 405 1597 occidere,
422 1532 515 1586 morte
529 1529 671 1586 morietur
695 1527 790 1602 (Exeat.
806 1529 889 1599 nn),
908 1549 923 1580 ιι
1013 1529 1078 1586 «ut
1092 1529 1152 1588 vidi
1166 1529 1255 1588 sliam
1270 1529 1407 1598 bestiam.
1424 1531 1629 1590 ascendentem
1652 1533 1688 1592 dc
1712 1535 1801 1602 terre,

98 1621 336 1678 subaudiendum
353 1625 408 1686 est,
424 1619 481 1676 nisi
497 1619 698 1692 poenitentium
714 1617 813 1691 egerit.
833 1616 924 1674 Aliter
977 1619 1133 1678 habentem
1148 1637 1257 1680 cornua
1271 1621 1328 1678 dno
1343 1621 1453 1680 similis
1477 1622 1562 1694 suni,
1583 1627 1612 1680 et
1627 1622 1803 1696 loquebatur

97 1709 177 1772 cuim
196 1710 294 1782 regule
309 1726 387 1767 sans
401 1710 540 1768 doctrine
556 1725 613 1766 non
629 1708 728 1766 stabit.
744 1711 844 1779 ltaque
855 1723 924 1764 aero
976 1712 1054 1768 sicut
1068 1711 1155 1770 draco
1167 1715 1210 1782 ret
1219 1715 1393 1786 potestatem
1406 1713 1512 1786 prioris
1523 1713 1749 1772 hestieomuem
1761 1716 1801 1775 ic·

96 1799 296 1873 propositione
308 1799 409 1857 audite
423 1798 467 1856 vel
483 1815 632 1866 concessu,
649 1797 760 1870 respice
771 1801 800 1854 et
819 1797 922 1858 consi·
939 1801 1070 1890 poiebct
1085 1801 1114 1858 in
1130 1809 1286 1874 conspectu
1304 1802 1379 1874 ejus.
1392 1807 1427 1861 ut
1444 1803 1511 1860 iacit
1531 1807 1640 1862 terram
1664 1805 1693 1860 ct
1714 1803 1798 1860 habi·

95 1890 167 1946 ders
180 1889 246 1960 quic
262 1888 355 1946 hestia
369 1889 440 1960 hec,
455 1888 543 1946 homo
557 1889 612 1946 iste
626 1888 734 1961 peccati
745 1887 795 1958 qui
811 1886 922 1944 sedicit
976 1895 1070 1948 tentes
1082 1907 1116 1948 ea
1130 1892 1250 1948 adorere
1270 1891 1393 1950 hortium
1423 1892 1560 1964 primam,
1586 1893 1672 1965 cujus
1697 1899 1798 1952 curete

98 1979 337 2044 christothocos,
353 1980 402 2036 sed
419 1976 728 2049 hestieeatgledium
749 1977 870 2048 aceepit,
890 1975 920 2036 io
975 1987 1020 2039 ert
1035 1981 1121 2054 pisga
1135 1981 1248 2038 mortis.
1267 1981 1300 2039 at
1314 1981 1382 2038 iecit
1404 1981 1488 2054 cigna
1512 1999 1630 2055 magne,
1653 1987 1686 2040 ut
1707 1985 1795 2042 etiem

97 2067 654 2140 captivitatemduxibeissladiowcidil.
674 2066 804 2122 feoiendo
816 2063 920 2124 bellum
974 2073 1072 2146 ignem
1087 2073 1192 2128 iaceret
1207 2071 1323 2128 daumio
1334 2073 1549 2134 descendentia
1562 2083 1667 2132 terram
1683 2077 1713 2135 in
1724 2092 1796 2134 oon·

97 2175 165 2220 ⁰⁰1ss
181 2160 305 2228 ”utilit
323 2163 365 2225 ui·
382 2157 460 2216 flitffll
475 2157 663 2231 i⁰⁸iffl⁰d⁰m
686 2155 746 2212 h⁰³⁰
770 2155 921 2228 &triplum
975 2166 1075 2235 spectu
1090 2159 1280 2218 hominum.»
1296 2160 1422 2218 Bestiam
1438 2161 1516 2219 illem
1532 2169 1646 2236 septem
1665 2165 1795 2237 cupitum

95 2249 179 2317 dicit,
196 2271 211 2302 ι
227 2249 380 2306 occidetur
394 2247 565 2320 quicunque
591 2245 750 2319 imaginem
773 2245 838 2316 ejus
862 2261 920 2302 non
976 2251 1143 2308 universnm
1158 2249 1315 2322 impiorum
1330 2251 1549 2324 generationem
1565 2269 1629 2310 arse
1640 2254 1703 2326 lem
1719 2254 1796 2310 dixi.

95 2339 270 2400 atloraverit.
286 2359 301 2390 ι
319 2339 412 2412 Igitur
427 2335 641 2396 inexcusabiles
652 2339 738 2394 erunt
752 2335 922 2410 quicunque
976 2356 1054 2408 mus,
1069 2345 1098 2394 et
1111 2339 1177 2412 ipsa
1191 2341 1303 2410 septem
1318 2339 1415 2411 capite
1429 2341 1649 2413 septemiuisse
1662 2341 1707 2402 uel
1732 2355 1797 2400 accc

94 2427 218 2486 bestiam
233 2429 321 2486 telem
336 2427 633 2487 adorabunt.Habent
643 2427 722 2482 enim
735 2426 920 2498 signumque
976 2445 1064 2498 regua
1079 2425 1192 2492 mundi,
1202 2441 1327 2498 quorum
1340 2428 1470 2498 potentia
1480 2427 1604 2486 diversis
1614 2431 1797 2503 temporibus

96 2523 275 2590 cognoscent
290 2515 454 2574 certissime
468 2532 533 2573 esee
548 2515 631 2572 ilium
647 2531 705 2572 non
719 2515 780 2584 Dei,
796 2517 846 2573 sed
861 2513 921 2570 dia·
976 2515 1533 2589 sanctosAltissimicontrivit,quorum
1544 2519 1700 2591 septimum
1710 2525 1799 2592 caput

102 2606 161 2662 hoii
177 2606 282 2677 lilium,
298 2610 397 2678 utpote
412 2605 563 2662 hominem
575 2603 920 2672 homicidam,hominem
975 2605 1175 2662 Antichristus
1185 2603 1458 2670 eritiiuesectergo
1468 2605 1529 2662 hacc
1541 2606 1796 2682 alicbestiequem

101 2695 336 2768 sanguinarium.
364 2695 439 2752 Nem
463 2716 479 2748 ιι
504 2695 534 2750 in
559 2694 625 2763 hcc,
655 2693 752 2765 iuquit
776 2693 822 2748 hic
842 2691 919 2748 idem
975 2694 1798 2767 viditasoendentemdeterroiAutquomododueeeunt

98 2785 240 2851 ioannes,
260 2783 408 2842 mentienti
423 2787 494 2841 sunt
516 2782 569 2840 iiiii
596 2782 658 2853 Dei,
673 2783 702 2838 et
730 2780 783 2838 tilii
811 2779 919 2838 dioboli
975 2784 1086 2855 hostis,
1102 2800 1169 2840 cum
1186 2799 1276 2841 unum
1288 2782 1327 2840 sit
1342 2799 1449 2855 corpus
1462 2784 1657 2853 generationis
1667 2801 1761 2858 praes
1770 2791 1799 2844 et

97 2875 118 2946 (i
137 2875 218 2932 loon.
234 2875 290 2944 ιιι).
312 2894 326 2924 ι
351 2874 383 2929 In
407 2889 466 2944 quo
490 2871 638 2928 manifesti
662 2870 754 2928 sueti
777 2870 920 2926 Continuo
975 2872 1798 2946 pervers-,sioutcontreunumestccrpusgenerctionis

98 2979 166 3020 oum
179 2962 383 3034 eubjnoxicset
393 2979 400 3020 ε
410 2960 595 3033 «Omnisqui
605 2976 663 3017 non
674 2959 919 3030 comminatus,
977 2961 1065 3019 unius
1080 2965 1187 3016 sanctu
1203 2964 1231 3015 ct
1245 2959 1341 3018 electe
1354 2959 1418 3018 led
1431 2961 1491 3017 hec
1506 2961 1659 3019 sciendum
1670 2963 1796 3036 quinge-

98 3067 155 3108 non
171 3055 216 3108 est
230 3067 264 3108 ex
280 3056 346 3123 Dec,
363 3073 378 3102 ιι
394 3051 509 3108 eddidit
524 3067 532 3108 ε
549 3071 564 3102 ιι
581 3051 614 3106 ut
629 3049 745 3122 quinon
757 3049 853 3122 diligit
863 3048 919 3105 ira·
976 3051 1087 3108 ceretio
1102 3064 1229 3121 nequem
1245 3064 1313 3104 cum
1332 3049 1449 3113 unasit,
1463 3048 1629 3110 aliatcmen
1640 3049 1737 3107 etelis
1749 3051 1796 3107 di·

97 3147 172 3200 trem
188 3159 287 3200 suum.
304 3163 320 3196 ιι
336 3142 500 3214 Statimque
516 3158 532 3198 e
550 3140 753 3211 vestigiorum
777 3138 918 3196 dixisset:
935 3181 957 3252 c
975 3140 1048 3198 citur
1063 3138 1165 3204 beatis,
1177 3145 1293 3210 propter
1306 3136 1454 3210 geminem
1469 3137 1527 3194 vim
1543 3136 1796 3204 scilieetheliicnm

97 3233 237 3303 quoniam
254 3230 566 3288 hnceatannuntiatio
579 3245 668 3302 quam
680 3227 805 3284 audistis
818 3227 920 3284 abini-
975 3231 1036 3288 sive
1051 3227 1161 3301 regium
1177 3233 1264 3299 etque
1283 3225 1438 3299 magicum.
1465 3231 1504 3283 De
1529 3230 1642 3299 magius
1667 3229 1693 3285 vi
1719 3246 1798 3285 nuuc

97 3320 150 3390 tio,
167 3321 339 3394 uldiligotia
350 3320 534 3392 alterutrum,
546 3319 652 3390 odienti
662 3321 750 3390 etque
762 3317 823 3374 ait:
838 3316 922 3374 «Non
973 3319 1125 3390 Scriptura
1140 3319 1201 3374 hren
1216 3316 1413 3376 narrationem
1429 3316 1532 3374 divine
1547 3316 1671 3374 visionis
1685 3317 1797 3391 incipit,

98 3409 141 3466 sio
157 3409 239 3479 Cain,
256 3411 306 3481 qui
321 3426 357 3466 ex
372 3409 502 3482 maligno
528 3414 600 3476 erat,
625 3411 655 3465 et
676 3406 783 3466 eccidit
808 3405 922 3464 fratrem
974 3425 1042 3467 eum
1057 3407 1148 3472 dicit:
1163 3427 1177 3460 ιι
1195 3407 1229 3463 ttt
1243 3405 1301 3462 vidi
1312 3405 1400 3464 eiiam
1412 3406 1536 3464 beatiam
1548 3407 1799 3464 escendentemde

98 3515 186 3556 suum
203 3499 305 3572 libido.
323 3523 337 3552 ιι
355 3501 411 3556 Hoc
426 3504 472 3556 est
486 3499 605 3572 rignum
620 3499 651 3555 in
667 3513 725 3570 quo
740 3499 924 3568 cognoscent
973 3503 1084 3564 terram
1096 3497 1217 3562 Quando
1228 3499 1315 3568 putas
1325 3496 1383 3553 alia
1395 3496 1486 3552 hestia
1496 3495 1557 3553 hec
1568 3496 1798 3569 ascenditquam

99 3591 141 3660 hi,
155 3589 207 3661 qui
221 3605 256 3646 ex
271 3588 329 3646 Deo
344 3594 426 3657 sunt,
442 3605 477 3645 ex
494 3588 620 3659 maligno
635 3586 719 3643 illum
747 3601 813 3644 esse
839 3583 924 3642 meli·
975 3589 1032 3647 iste
1041 3587 1247 3644 escendentem
1257 3584 1801 3657 uiditiilinrirumunoeodemquetem·

100 3697 203 3754 gnum,
219 3679 290 3752 quie
305 3680 425 3748 occidet,
456 3680 533 3736 sicut
554 3679 720 3748 dictumst
743 3678 773 3734 in
799 3677 922 3750 captiui·
977 3673 1798 3753 porequendoiiishcstiepriorasoendit,hebensseptem

100 3776 191 3828 tatem
207 3772 305 3840 ducet,
322 3771 400 3842 quod
421 3787 479 3826 non
496 3771 560 3827 isoit
576 3785 629 3826 nec
643 3769 817 3828 iecitomnis
830 3769 879 3840 qui
890 3784 925 3826 ex
976 3767 1082 3840 capite,
1097 3779 1223 3836 quorum
1239 3763 1396 3834 septimum
1412 3769 1499 3836 osput
1510 3779 1633 3837 regnum
1647 3766 1703 3822 erit
1717 3767 1799 3823 Anti-

102 3859 230 3918 Doceat.
246 3861 305 3917 Hoc
321 3859 461 3916 eudistsi
476 3859 544 3931 quis
568 3858 651 3916 hebet
674 3875 786 3924 eurem,
809 3857 863 3913 hoc
887 3857 923 3914 ad
977 3855 1798 3928 christi.dtenimuhiprimumgenerotinimpiorumgeoe·

101 3950 273 4006 memorism
282 3947 540 4020 revocetquisquis
551 3946 760 4004 iidelemhahet
770 3945 922 4002 rationem.
977 3948 1119 4005 rationem
1135 3948 1303 4001 sanctorum
1314 3945 1448 4002 servituti
1460 3944 1585 4016 subjecit
1594 3949 1623 4000 et
1633 3945 1746 4012 aitlixit,
1759 3951 1799 4002 st·

103 4036 136 4092 lit
152 4053 219 4092 oum
245 4036 349 4092 viderit
373 4035 456 4094 iilum
486 4037 592 4092 ducere
616 4034 646 4090 in
671 4032 870 4106 captivitatem
897 4035 926 4088 et
977 4035 1799 4114 queademeritudlnempcrduxltiooperibusdurisluti

101 4125 199 4198 gladio
214 4126 358 4195 occidere,
374 4126 461 4182 etism
474 4125 501 4182 sl
511 4123 639 4181 scientie
654 4123 779 4193 copiam,
790 4122 834 4179 vel
845 4122 925 4179 testi·
977 4135 1006 4187 ot
1021 4130 1129 4196 torosio,
1145 4129 1267 4200 iooupoo
1282 4125 1431 4182 Phoroooo
1446 4124 1631 4198 poooiptooro
1646 4127 1727 4184 omoq
1748 4143 1798 4201 po.

102 4214 271 4272 moniorum
287 4215 324 4272 de
339 4215 500 4288 Scripturic
516 4230 574 4272 uon
591 4213 679 4270 hebet
701 4211 924 4282 abundantiam,
979 4221 1047 4293 puto
1058 4235 1111 4277 suo
1121 4217 1314 4276 indicentem
1329 4213 1475 4285 Quidquid
1488 4213 1643 4271 mrsoultot
1653 4229 1740 4272 ειμι,
1750 4233 1800 4270 oo.

104 4302 207 4360 saltem
229 4320 264 4360 ex
279 4302 334 4360 hoc
350 4303 412 4360 solo
426 4303 503 4376 quod
520 4302 570 4360 ille
596 4301 742 4360 homicide
772 4304 827 4369 est,
852 4300 927 4358 sciet
979 4314 1042 4366 rom
1059 4308 1155 4376 roooit,
1170 4308 1201 4362 to
1217 4310 1323 4361 numen
1340 4303 1493 4376 projicltc;
1509 4303 1653 4376 quidquid
1671 4304 1799 4376 feminei,

103 4393 182 4465 quod
192 4409 227 4450 ex
240 4393 297 4452 Deo
311 4409 369 4450 uon
381 4401 436 4459 est,
447 4391 592 4449 etidcirco
605 4407 662 4448 non
673 4389 771 4448 stabit.
784 4389 928 4450 Ssdsiont
979 4405 1124 4456 ooooovoro
1138 4394 1232 4468 (duod.
1254 4395 1275 4465 ι)
1287 4410 1295 4462 ;
1310 4395 1382 4449 tuno
1401 4407 1466 4448 oum
1483 4391 1533 4448 tito
1556 4395 1636 4467 oogto
1659 4393 1721 4451 oivo
1745 4394 1799 4452 ho.

103 4484 197 4540 ceteri
214 4482 345 4540 homines
367 4481 512 4556 recipiunt
533 4483 637 4550 vicem,
662 4485 695 4536 ut
719 4479 769 4553 qui
792 4480 925 4552 gladium
980 4487 1053 4546 stiae
1067 4487 1095 4544 vi
1111 4483 1428 4560 peritercontrabeum
1441 4483 1799 4556 ascenditetmaglocvls.

103 4572 270 4644 acceperint
284 4571 381 4644 gladio
393 4575 513 4644 pereant
524 4589 532 4642 ς
542 4571 581 4628 ita
593 4575 621 4628 et
631 4570 686 4627 iste
696 4585 747 4642 pro
758 4568 926 4641 ceptivitcte
942 4533 964 4599 D
981 4575 1153 4643 Quomodo?
1166 4573 1309 4632 Videlicet
1323 4589 1391 4630 oum
1406 4572 1531 4646 ingressi
1547 4573 1672 4632 inissent
1685 4574 1800 4648 Moyses

104 4663 315 4733 captivitatem,
341 4677 393 4734 pro
416 4660 561 4719 occisione
585 4659 707 4732 recipiat
735 4659 924 4728 occisionem,
981 4669 1118 4725 oerooo
1134 4665 1169 4722 od
1192 4663 1383 4732 Pharaonem,
1406 4665 1439 4718 ut
1463 4663 1592 4720 iacerent
1614 4662 1700 4737 signs
1723 4665 1801 4720 sicut

104 4766 157 4824 1)Ρο
171 4749 321 4824 temptabit
336 4753 485 4812 oeissrntm·
497 4766 548 4822 1³¹0
564 4748 671 4820 Simili*
685 4747 818 4820 duplum,
833 4751 866 4805 ui
880 4748 926 4820 (1ΰὶ
981 4755 1318 4831 preceperatDominus,
1334 4775 1349 4804 ιι
1359 4751 1480 4809 Voouvlt
1494 4751 1604 4809 Pharao
1614 4753 1760 4825 sepientes
1772 4758 1801 4808 ct

104 4847 271 4898 sanctorum
283 4843 404 4914 ccipere
414 4844 528 4896 tentum
542 4839 698 4910 captivarit
710 4841 798 4910 etque
808 4839 926 4907 occidit,
982 4845 1140 4912 maleficos,
1156 4847 1185 4900 et
1203 4843 1335 4898 iecerunt
1348 4841 1435 4899 etlam
1452 4841 1509 4914 ipsi
1521 4858 1572 4914 per
1585 4840 1802 4898 incurneticncs

102 4929 369 5002 ipseoaptiuitaiem
382 4926 812 5001 reeipietetoccisionemsimul
824 4928 927 4984 anime
981 4935 1159 5010 ogyptiosot
1172 4947 1276 4988 crosno
1290 4931 1424 5004 quedem
1446 4929 1581 4986 similiter
1598 4930 1694 5001 (Emori.
1710 4930 1769 5000 aar).
1787 4950 1802 4980 ιι

102 5019 286 5090 02⁰0ii01'18·
304 5018 378 5087 Quid
394 5021 474 5074 essim
490 5017 515 5074 ⁸5
530 5035 588 5074 1¹⁰ss
608 5015 707 5074 θῑῑῑῑῐῐ]
732 5016 800 5073 fibi?
819 5018 878 5074 lfflo
901 5020 926 5075 ti
983 5027 1074 5099 igitur
1089 5023 1177 5080 aliam
1188 5019 1312 5078 bestiam
1328 5019 1606 5076 tuncasoeudentcm
1617 5018 1802 5092 vidi,inquit.

100 5109 201 5164 stetim
219 5109 310 5176 fieret,
326 5109 351 5165 si
368 5107 468 5164 stetim
484 5123 549 5164 oum
567 5107 659 5178 primo
672 5105 926 5176 blasphemisihud
983 5115 1058 5182 Quid
1072 5118 1169 5170 autem
1184 5111 1239 5168 hoo
1257 5111 1292 5166 ed
1309 5125 1370 5166 rem
1387 5115 1570 5181 presentem,
1588 5109 1637 5165 ubi
1650 5109 1804 5166 mentiente

101 5215 135 5255 oa
152 5213 289 5258 murnum
303 5198 512 5270 appellaretur,
528 5203 557 5254 et
581 5213 647 5254 cum
673 5195 756 5252 initio
779 5195 847 5252 belli
868 5197 928 5254 eive
983 5204 1019 5259 de
1036 5209 1136 5274 aperte
1148 5200 1348 5273 persecutione
1359 5198 1727 5270 loquebaturhrrtichristi,
1740 5217 1803 5271 qus

102 5287 192 5360 gladii
207 5303 293 5358 quem
310 5287 442 5361 recipiet,
459 5287 561 5344 statim
577 5285 674 5358 gladio
689 5285 797 5342 ecclesii
810 5286 927 5358 periret,
982 5293 1039 5349 erit
1053 5292 1082 5347 in
1103 5292 1208 5348 diebus
1224 5286 1417 5344 novissimis?
1431 5287 1560 5344 Proiecto
1571 5289 1639 5361 quie
1653 5289 1806 5362 priusqui-

104 5379 183 5436 uncie
199 5379 244 5436 vel
261 5380 289 5434 in
305 5397 362 5452 quo
379 5379 518 5453 patientia
532 5383 700 5436 sauctorum
717 5380 888 5450 probaretur
901 5383 930 5436 et
984 5381 1050 5438 dem
1065 5396 1130 5438 esee
1145 5380 1305 5452 cmperunt,
1321 5381 1349 5432 st
1361 5392 1464 5449 pugnes
1480 5375 1619 5432 adversus
1630 5377 1805 5451 Deumpru·

105 5470 204 5526 fides?
219 5471 376 5543 Sequitur:
984 5471 1072 5543 stigio
1088 5483 1252 5542 magorum,
1269 5466 1321 5522 sed
1337 5469 1405 5521 tunc
1422 5465 1515 5538 magis
1531 5467 1693 5523 abundent.
1706 5489 1720 5517 ιι
1735 5471 1804 5524 Sur-

143 5581 157 5610 ι
177 5564 244 5616 time
259 5563 304 5616 cst
319 5559 461 5632 potientis
474 5563 503 5616 et
517 5559 589 5616 tides
608 5563 789 5616 sanctorum.
803 5581 817 5610 ιι
841 5563 883 5616 Ao
905 5559 930 5616 ei
985 5563 1052 5634 gent
1068 5559 1158 5626 enirn,
1175 5557 1270 5630 inquit
1285 5555 1430 5621 Christus,
1446 5555 1662 5628 pseudochristi
1672 5561 1701 5614 et
1716 5573 1804 5631 pseu-

105 5645 203 5704 dicet:
220 5649 254 5706 in
263 5647 317 5708 hoo
328 5652 495 5708 cunctorum
507 5647 602 5705 tidelis
612 5648 751 5721 patientiu
760 5647 932 5720 patiensque
987 5649 1182 5721 deprophets,
1195 5651 1223 5705 et
1234 5647 1347 5704 debant
1357 5645 1441 5719 signs
1451 5659 1559 5720 magne
1568 5649 1598 5704 et
1611 5647 1754 5721 prodigio,
1766 5647 1808 5703 ite
