3976 6064
125 262 202 322 tutt
463 257 673 324 COMMENT.
698 258 736 318 ttt
758 257 1051 320 Apuuhttusttt.
1075 293 1114 304 -
1137 261 1210 322 tta.
1234 259 1302 324 Vll.
1320 263 1406 325 CAP.
1425 263 1491 326 ΧΗ.
1760 269 1838 330 {Oli

124 391 196 454 locis
213 394 423 464 scripturarum
448 393 612 450 invenimus
640 390 777 462 appellari
807 391 953 447 mulierem
970 392 1422 470 Agnificabantsequiturergo:
1442 422 1455 450 ιι
1474 401 1505 456 Et
1521 398 1663 458 clamabat
1674 403 1837 473 parturiens

125 486 185 541 viro
201 499 263 549 suc,
275 482 302 537 il
321 485 374 548 est,
393 482 449 538 Deo
464 482 648 553 conjunctam
664 479 845 550 etdilcelam,
857 481 915 540 imo
930 489 957 539 et
1009 487 1037 539 et
1051 485 1195 542 cruciatur
1210 495 1239 544 nt
1255 488 1355 558 pariat.
1374 510 1388 539 ιι
1402 491 1481 558 Quod
1504 491 1586 560 dixit,
1604 514 1619 542 ιι
1643 501 1671 550 ει
1689 493 1835 550 elamahet

126 587 335 644 nonnunquam
354 586 404 642 pro
417 570 955 645 parteprevaricatorum,vitiisetpee·
1009 575 1178 644 parturiens,
1197 599 1208 625 ι
1226 575 1280 635 hec
1295 579 1434 648 repetivit,
1447 579 1505 637 imo
1519 575 1672 652 complevit
1690 584 1832 654 addendo,

126 658 955 730 catieidololetrieservientiumredarguivclutedulteram.
1009 683 1023 712 ιι
1039 666 1068 718 ει
1096 665 1281 722 cruciaturut
1310 668 1409 737 pariat.
1427 690 1441 719 ιι
1470 669 1571 726 Parum
1599 671 1704 742 quippe
1735 671 1835 728 inisset

126 753 194 812 ttae
215 750 318 808 muller
337 755 443 807 extunc
457 751 534 806 recte
557 747 664 806 dicitur
693 769 708 799 ιι
725 747 828 805 amicta
855 751 924 820 sole,
941 771 955 800 ιι
1009 751 1115 810 dixisse
1140 754 1193 812 hoo
1219 764 1342 825 tantum,
1360 763 1389 813 ot
1402 758 1545 814 clamabat
1561 761 1730 830 parturiens.
1751 761 1834 819 itide-

126 839 384 912 exquochristnm
406 854 503 895 verum
530 837 650 909 justitie
671 835 766 894 Solem
794 839 903 910 accepit
925 840 954 895 in
1009 847 1085 898 retur
1108 844 1184 900 onim
1208 843 1282 900 nihil
1306 847 1430 917 amplius
1455 847 1577 918 intelligi
1608 849 1680 904 velle
1703 864 1787 920 quam
1810 848 1834 904 si

124 929 360 1002 repromissione.
377 950 392 979 ιι
409 929 488 986 huna
508 927 560 984 suh
585 926 704 998 pedihus
718 928 789 998 ejus,
808 949 822 978 ιι
848 927 875 984 id
901 932 955 999 cst,
1007 929 1138 998 dixisset,
1162 947 1226 989 cnm
1243 943 1362 1004 paveret,
1378 935 1463 1005 cepit
1479 935 1613 993 clamare.
1631 943 1666 993 ht
1682 937 1731 993 illa
1742 938 1833 1008 prius-

127 1017 326 1090 temporalium
343 1015 483 1074 bonoram
498 1015 616 1073 claritas
632 1016 686 1071 suh
709 1015 957 1074 administratione
1007 1029 1218 1090 quampareret,
1235 1024 1399 1095 priusquam
1411 1033 1522 1094 partum
1543 1025 1711 1092 affirmaret,
1734 1035 1834 1097 partu-

123 1109 425 1179 ejus.Lunanamque
445 1120 495 1175 pro
524 1104 861 1162 sntmatatittratem
879 1109 956 1162 recte
1006 1107 1112 1164 riritet
1142 1109 1287 1166 clamarit.
1312 1112 1457 1169 Parturire
1474 1129 1599 1184 namque
1623 1121 1664 1170 est
1689 1119 1832 1185 antepar-

127 1196 232 1254 mundi
261 1195 346 1265 hujux
385 1194 459 1251 bona
488 1193 636 1251 mutabilis
671 1193 824 1266 significat,
852 1193 956 1265 quihus
1009 1203 1068 1252 tum
1084 1197 1219 1266 cruciari;
1243 1201 1308 1271 quia
1328 1200 1461 1259 videlieet
1472 1203 1609 1272 parturire
1621 1203 1830 1271 meditativum,

124 1285 231 1342 stultus
245 1283 341 1354 servit,
357 1282 472 1354 sapiens
498 1283 630 1353 imperat.
661 1284 719 1340 iloc
733 1298 799 1354 ergo
821 1282 898 1339 laudi
912 1287 955 1340 est
1008 1303 1106 1358 perere
1119 1296 1216 1345 eutem
1231 1291 1387 1362 perlectum
1403 1291 1521 1348 verbum
1538 1300 1589 1350 cst.
1606 1293 1693 1364 igitur
1708 1309 1828 1366 quomo-

125 1373 235 1431 sanetis
249 1372 379 1446 patribus
393 1373 467 1445 quod
483 1371 588 1430 diuites
605 1371 720 1442 quidem
736 1372 863 1438 luerunt,
879 1373 955 1429 sicut
1006 1375 1042 1432 do
1058 1376 1159 1432 mulier
1184 1375 1333 1435 carnaliter
1348 1380 1473 1450 gravida,
1491 1381 1615 1438 instante
1631 1380 1698 1438 hora
1713 1381 1831 1454 parien-

122 1461 554 1530 saorehistoriaatradnnt,scd
579 1459 781 1533 ipsesdlvitias
804 1460 954 1532 nonpessi
1007 1464 1035 1520 di
1063 1471 1119 1521 tota
1144 1473 1186 1522 est
1216 1467 1246 1523 ln
1276 1467 1459 1526 meditatione
1487 1477 1583 1540 partus
1606 1471 1662 1536 sni,
1686 1471 1830 1528 tandiuin

124 1557 195 1610 sunt
219 1552 279 1608 sais
306 1550 456 1608 affectibus
483 1550 635 1622 dominari,
656 1550 704 1606 sed
732 1549 787 1619 ipsi
816 1549 953 1606 dominati
1006 1551 1056 1608 illa
1083 1557 1296 1624 exspectatione
1325 1565 1528 1630 occupatoest,
1559 1560 1656 1616 tandin
1673 1560 1829 1617 cruciatum

125 1648 194 1698 sunt
222 1640 342 1708 divitiis,
370 1639 564 1712 dispensando
592 1647 621 1696 ut
650 1638 785 1710 poscebat
815 1654 881 1696 usus
895 1640 954 1711 pri·
1007 1642 1125 1700 sustinet
1141 1647 1233 1702 donec
1261 1645 1361 1716 pariet,
1378 1645 1459 1704 itaet
1474 1647 1523 1704 illa
1538 1647 1604 1704 talis
1628 1648 1730 1704 mulier
1745 1649 1830 1718 spiri·

125 1738 206 1786 vatus
221 1735 271 1786 aut
286 1728 429 1801 publicus,
445 1736 531 1800 atque
545 1728 584 1784 ita
605 1727 786 1785 laudabiliter
814 1729 992 1800 ejusmodiB
1008 1733 1103 1791 taliter
1119 1751 1278 1808 pregnans,
1290 1757 1305 1786 ιι
1321 1736 1473 1806 clamabat,
1488 1738 1591 1810 inquit,
1607 1737 1780 1810 parturiens,
1797 1747 1824 1794 et

126 1819 228 1876 divites
243 1826 424 1886 excusantur,
440 1818 506 1889 qnia
529 1833 586 1874 non
602 1825 643 1874 est
659 1834 761 1874 sensus
776 1819 806 1875 in
822 1819 953 1888 crimine,
1007 1823 1153 1880 cruciatur
1168 1832 1194 1880 ut
1213 1827 1312 1896 pariat.
1330 1847 1345 1877 ιι
1361 1825 1503 1884 Clamores
1518 1827 1581 1898 eius
1596 1827 1702 1884 multos
1716 1827 1749 1883 nd
1766 1843 1827 1885 me·

126 1910 177 1966 sed
191 1909 320 1965 allectus.
334 1911 370 1966 at
384 1915 482 1965 contra
500 1907 629 1980 quisquis
657 1907 778 1963 credidit
794 1907 907 1979 quidem
923 1908 953 1964 ln
1007 1912 1086 1968 dium
1113 1913 1239 1985 prolerre
1270 1930 1429 1986 possemus,
1445 1915 1498 1972 aed
1512 1916 1635 1988 exempli
1651 1917 1741 1988 eratis
1756 1931 1829 1974 unus

129 1999 286 2068 christum,
299 1998 348 2053 sed
362 1996 464 2053 ellectu
493 1996 619 2052 inheret
635 2003 662 2053 et
677 1997 762 2052 servit
788 1995 878 2053 lucris
908 2013 952 2053 re·
1007 2000 1053 2058 hic
1067 2002 1097 2057 in
1110 2003 1182 2058 lesia
1193 2003 1332 2076 propheta
1346 2003 1455 2061 suflicit
1470 2005 1568 2062 loeas:
1588 2027 1602 2055 ιι
1618 2005 1749 2075 Domine,
1763 2007 1828 2078 quis

127 2104 191 2146 rum
220 2086 433 2158 temporalium,
457 2101 555 2143 servus
583 2089 636 2154 est,
653 2101 710 2142 non
740 2085 953 2143 dominusilla-
1005 2090 1125 2148 eredidit
1153 2091 1263 2148 auditui
1292 2099 1401 2162 nostro,
1430 2101 1457 2149 et
1473 2091 1621 2150 brachium
1650 2095 1825 2152 Dominicui

124 2191 298 2248 summeque
312 2175 368 2233 dici
391 2181 466 2231 recte
493 2178 587 2247 potest
613 2174 650 2230 de
671 2174 767 2232 aniana
785 2176 859 2247 ejus,
874 2177 950 2247 quod
1004 2177 1158 2237 revelatum
1179 2179 1246 2238 esti
1265 2181 1297 2237 Et
1316 2181 1452 2238 ascendet
1470 2183 1544 2239 sient
1559 2182 1711 2252 virgultum
1728 2199 1824 2240 coram

123 2269 161 2324 sit
176 2289 190 2318 ιι
207 2266 310 2323 mulier
323 2265 429 2322 amicta
443 2264 512 2334 sole,
528 2271 555 2321 et
571 2265 639 2322 luna
666 2263 720 2320 suh
742 2265 862 2336 pedihus
877 2266 950 2336 ejus,
1003 2283 1047 2334 eo,
1063 2274 1090 2324 et
1117 2267 1191 2325 sient
1206 2269 1284 2326 radix
1310 2270 1347 2326 de
1370 2277 1443 2326 terra
1458 2270 1576 2327 sitienti.
1603 2271 1665 2329 Non
1692 2282 1732 2327 est
1762 2288 1825 2344 spe-

120 2358 170 2414 sed
186 2355 275 2412 nimis
293 2369 423 2427 perverse
438 2352 549 2410 amiciri
570 2354 650 2424 lana,
678 2352 823 2426 solemque
851 2355 950 2412 nititur
1002 2356 1060 2414 cles
1083 2357 1108 2413 ei
1133 2373 1225 2428 oeque
1239 2357 1334 2416 decor.
1352 2357 1385 2414 tu
1408 2358 1529 2415 vidimus
1544 2375 1620 2425 eum.
1648 2366 1675 2416 ct
1690 2375 1747 2416 non
1764 2367 1825 2417 erat

120 2448 225 2506 hahere
240 2445 293 2502 suh
308 2445 437 2517 pedibus.
460 2445 613 2517 sequitur:
649 2464 660 2494 ι
676 2446 708 2502 ur
722 2445 752 2502 in
767 2446 862 2519 eapite
889 2447 949 2517 ejus
1002 2451 1150 2517 aspectus;
1167 2452 1194 2501 et
1209 2445 1432 2503 desideravimus
1445 2462 1510 2504 eum
1529 2462 1536 2504 ι
1551 2448 1718 2519 despectum
1732 2453 1761 2506 et
1776 2465 1826 2506 no·

118 2551 226 2594 corona
239 2535 387 2592 stellarum
402 2534 564 2592 duodecim.
587 2557 603 2586 ιι
620 2535 653 2591 ln
678 2536 770 2606 capite
785 2535 869 2606 huius
883 2551 955 2592 mu-.
1001 2535 1149 2592 vissimum
1174 2536 1311 2605 virorum,
1322 2537 1414 2594 virum
1426 2538 1598 2606 dolorum,et
1612 2538 1749 2595 scientem
1775 2539 1824 2594 in·

124 2621 483 2680 lieriecoronastellarum
507 2622 659 2680 duodecim
679 2622 866 2695 conspicitur,
882 2624 949 2696 quis
1000 2625 1185 2688 ilvmitatem,¹
1209 2630 1238 2683 et
1266 2626 1348 2698 quasi
1380 2627 1567 2684 absconditus
1596 2626 1691 2684 vultus
1719 2627 1823 2698 eiuset

123 2711 413 2769 ininitionasoentis
429 2710 563 2768 Ecclesle
589 2711 741 2768 duodecim
769 2712 946 2784 patriarche,
999 2715 1160 2787 despectus,
1190 2715 1266 2772 unde
1295 2731 1348 2774 nec
1363 2717 1555 2788 reputavimus
1579 2732 1655 2774 eum.
1673 2717 1742 2774 Vere
1760 2716 1823 2772 lea·

122 2805 250 2874 itemque
280 2801 309 2856 in
334 2800 416 2857 initio
441 2801 615 2858 renascentis
643 2801 769 2871 ejnsdem
797 2800 945 2858 duodecim
998 2819 1101 2876 guores
1126 2808 1240 2862 nostros
1265 2803 1418 2876 ipsetulit,
1445 2813 1472 2862 et
1501 2805 1612 2862 doleres
1638 2812 1750 2863 nostros
1765 2806 1825 2876 ipse

120 2893 244 2964 apostoli
259 2891 401 2950 notissimi
415 2908 450 2949 ac
467 2891 610 2964 splendidi
624 2893 848 2950 dinumerantur.
865 2893 947 2952 Nunc
997 2891 1119 2963 portavit
1145 2891 1209 2964 (lea.
1235 2893 1304 2965 xvir).
1321 2915 1335 2944 ιι
1352 2891 1419 2950 llec
1434 2900 1463 2950 et
1493 2893 1536 2950 his
1564 2893 1671 2950 similia
1699 2894 1825 2951 dicentes

117 2983 233 3041 interim
264 2981 396 3038 ordinent
422 2980 597 3038 mirabilium
625 2980 785 3038 celestium
809 2981 944 3050 secuturi,
998 2981 1090 3038 saneti
1105 2981 1250 3053 prophete
1266 2996 1333 3038 cum
1343 2981 1500 3040 clamarent
1511 2989 1537 3038 ει
1551 2981 1824 3053 dolerent‚nunqnid

117 3087 256 3132 coronam
272 3070 980 3166 duodecimstellarum,nnmernmintelligimusC
999 3070 1126 3141 ejusdam
1151 3069 1284 3128 clamoris
1310 3069 1353 3126 vel
1381 3071 1488 3127 doloris
1511 3072 1554 3127 sui
1569 3085 1681 3127 eanum
1698 3069 1823 3137 evenire,

118 3161 269 3220 duodecim
291 3159 415 3218 stilorum
444 3159 504 3218 sive
534 3158 658 3216 trihuom
692 3160 786 3216 lsrael.
817 3159 887 3217 Nam
917 3168 944 3218 et
999 3168 1139 3218 certamve
1163 3176 1224 3218 esse
1246 3159 1406 3216 nolebant?
1430 3162 1490 3216 Imo
1513 3160 1638 3218 maxime
1657 3159 1821 3231 capiebant,

120 3249 228 3321 ioseph
245 3249 389 3306 somnium
401 3264 539 3306 narrans:
556 3270 570 3300 ιι
583 3247 728 3314 Videbam,
740 3248 842 3321 inquit,
856 3249 944 3307 selem
998 3245 1060 3318 ipso
1088 3252 1238 3303 attestante
1254 3246 1373 3303 manino
1389 3261 1456 3304 eum
1484 3245 1572 3305 dicit:
1590 3268 1605 3297 ιι
1635 3246 1712 3304 Beati
1741 3246 1819 3304 oculi

123 3346 150 3394 et
170 3337 279 3407 lunam,
307 3342 337 3395 et
365 3336 461 3395 stellas
488 3337 620 3395 undecim
648 3339 765 3395 adorare
794 3354 840 3396 me
867 3337 943 3408 ldae.
998 3335 1291 3408 quividentquevcs
1314 3335 1426 3394 videtis.
1444 3335 1605 3394 Dicoenim
1635 3334 1723 3405 vobis,
1740 3337 1816 3409 quod

121 3429 242 3498 xxxixa).
260 3447 274 3477 ιι
290 3427 401 3484 Etenim
417 3434 496 3498 pater
511 3427 847 3499 ipsepropterchristnm
859 3443 944 3500 quem
998 3425 1081 3481 multi
1096 3425 1240 3495 prophete
1255 3432 1281 3481 et
1294 3440 1373 3496 reges
1396 3425 1545 3484 voluerunt
1573 3426 1745 3499 videreque
1769 3443 1819 3484 vos

121 3515 150 3572 ln
168 3515 357 3586 promissione
377 3515 507 3580 hahebat,
524 3517 604 3588 qnasi
619 3516 661 3574 sol
677 3522 755 3583 erat;
785 3525 875 3574 mater
889 3533 943 3574 au·
997 3514 1108 3582 videtis,
1124 3523 1151 3570 et
1167 3530 1223 3571 non
1246 3514 1395 3585 viderunt;
1407 3522 1435 3572 et
1449 3516 1548 3572 audire
1562 3530 1625 3586 que
1641 3515 1819 3586 rescinditis,

119 3611 175 3660 torn
190 3618 366 3675 quecunque
380 3604 422 3660 illi
438 3603 536 3676 optiva
558 3612 618 3661 erat
633 3604 779 3676 (quoniam
807 3603 944 3662 naturalis
998 3613 1089 3662 otnon
1105 3604 1258 3662 audierunt
1272 3607 1349 3674 (Lae.
1361 3605 1429 3676 xrs).
1447 3627 1461 3656 ιι
1478 3605 1580 3663 Nonne
1595 3605 1624 3662 in
1637 3604 1690 3662 hoc
1706 3621 1819 3678 quoque

119 3689 423 3764 materobierat)lnnn
448 3707 498 3747 ara
521 3708 572 3763 pro
601 3693 730 3764 ejusdem
758 3694 862 3750 Christi
890 3693 944 3752 ude
998 3691 1283 3749 veraestsimilitudo
1307 3691 1435 3748 mulieris
1463 3693 1657 3763 parturientis,
1682 3700 1821 3764 etpartu-

112 3780 226 3846 lucida;
257 3781 390 3836 undecim
422 3787 517 3836 autem
542 3781 642 3838 iratres
669 3782 772 3852 quihus
800 3783 943 3838 somnium
997 3781 1097 3837 viendo
1109 3779 1350 3836 clamantisillla
1370 3795 1493 3852 namque
1508 3779 1692 3851 parturiendo
1705 3782 1822 3851 quidem

114 3870 257 3937 narrabat,
275 3871 408 3928 undecim
424 3871 515 3928 stelle
532 3871 630 3928 lutere
651 3877 750 3928 erant:
764 3872 869 3944 loseph
884 3872 944 3943 ipsc
997 3870 1113 3940 clamat,
1129 3868 1196 3939 quia
1221 3868 1315 3935 dolet;
1332 3869 1379 3924 sed
1406 3867 1540 3924 nimirum
1552 3869 1592 3924 sic
1607 3869 1714 3924 mavult
1728 3869 1824 3926 dolere

111 3958 194 4016 stelle
209 3965 267 4015 orat
289 3959 470 4016 duodecima.
493 3959 584 4032 igitur
606 3983 627 4018 ,ιι
645 3960 675 4017 in
694 3961 786 4031 capito
817 3961 944 4034 mulieri,
997 3972 1083 4028 quern
1095 3972 1164 4012 sano
1187 3956 1379 4012 uterosterilis
1399 3970 1576 4025 permanere.
1592 3955 1744 4025 sequitur:
1761 3977 1775 4006 ιι
1793 3955 1824 4011 lit

112 4048 381 4107 coronastellarum
410 4050 605 4116 duodecim»
636 4051 666 4106 in
696 4049 781 4106 initio
807 4049 943 4107 Ecclesie
997 4044 1414 4115 visumestaliudsignumin
1438 4043 1823 4111 coelo‚etcceedveeoma-

115 4137 222 4195 chorus
242 4136 364 4194 liliorum
381 4138 423 4195 vel
440 4137 566 4194 tribuum
583 4137 668 4194 israel
698 4138 860 4194 duodecim.
877 4159 891 4188 ιι
910 4139 943 4194 llt
995 4150 1069 4205 gnus
1092 4142 1119 4190 et
1139 4134 1218 4190 ruins
1234 4133 1348 4212 habeus⁸
1365 4133 1457 4204 capita
1472 4138 1593 4203 septem,
1609 4140 1636 4189 et
1651 4148 1758 4190 cornua
1772 4133 1824 4189 de·

115 4227 146 4282 in
162 4231 242 4284 utero
258 4226 378 4297 hahens,
393 4234 421 4282 et
435 4227 574 4285 clamabat
589 4227 762 4298 parturiens,
787 4231 816 4284 et
830 4227 942 4285 crucia·
995 4227 1102 4292 comet
1112 4223 1142 4278 ivr
1154 4222 1295 4292 capitibus
1307 4221 1368 4278 suis
1390 4230 1496 4293 septem
1507 4221 1675 4290 diademata,
1691 4228 1719 4278 et
1731 4224 1821 4278 cauda

117 4314 348 4385 tnrntpariet.»
377 4315 431 4384 Qui
449 4315 848 4382 erathahereinutcro,nisi
875 4331 941 4386 pro·
996 4313 1057 4385 ejus
1087 4312 1216 4368 trahebat
1246 4311 1358 4368 tertiam
1380 4317 1489 4382 perlem
1518 4309 1666 4368 stellarum
1693 4311 1769 4380 caeli,
1796 4318 1824 4366 et

114 4403 261 4460 missionis
278 4403 363 4460 fidem
379 4404 535 4460 servarein
558 4405 653 4462 cordis
682 4405 814 4462 secreto?
829 4405 941 4460 Etenim
998 4401 1075 4458 misit
1091 4417 1141 4457 cus
1164 4401 1194 4457 iu
1221 4400 1374 4457 terramilt
1390 4401 1475 4457 draco
1491 4400 1567 4456 stetit
1591 4408 1659 4457 ante
1676 4401 1822 4457 mulierem

114 4493 228 4565 quando
253 4491 378 4564 primum
407 4493 442 4548 ad
476 4492 619 4550 Abraham
647 4493 758 4552 locutus
782 4499 826 4550 est
856 4469 1057 4562 limenque
1084 4489 1292 4560 eratparituva,
1323 4495 1433 4544 etcum
1461 4487 1628 4558 peperisset,
1653 4486 1744 4546 filiurn
1762 4488 1823 4560 ejus

113 4582 232 4639 dicens:
261 4603 275 4630 ιι
293 4581 370 4638 Etin
400 4582 512 4638 semiue
541 4587 589 4639 tuo
615 4581 821 4640 benedicentur
844 4599 944 4639 omnes
998 4575 1309 4646 devorarettltpeperit
1332 4575 1423 4633 tiliam
1448 4575 1823 4648 musculum‚qttit·ettiutus

113 4678 213 4742 gentes
224 4669 296 4742 (Gerr
312 4669 383 4744 xxvi)
399 4692 413 4721 ιι
439 4671 522 4744 (qued
551 4671 675 4742 protecto
690 4687 787 4729 semen
814 4672 944 4729 Christus
997 4672 1057 4720 erat
1070 4681 1171 4721 omnes
1181 4673 1280 4736 gentes
1295 4663 1326 4720 in
1340 4664 1564 4736 virgalerveohlt
1578 4671 1675 4735 raptus
1690 4669 1734 4720 est
1750 4665 1825 4720 lilius

115 4767 157 4815 est
173 4757 274 4830 [Gestat.
287 4760 336 4832 vl),
351 4761 399 4818 ille
415 4762 594 4833 promittenti
618 4761 748 4829 credidit,
769 4771 794 4818 et
819 4763 848 4818 in
863 4777 940 4818 eanr-
995 4753 1058 4824 ejus
1073 4754 1106 4808 ad
1124 4751 1224 4822 ileum¹
1242 4760 1267 4810 ct
1278 4753 1312 4808 ad
1328 4753 1462 4809 thronum
1475 4753 1571 4824 ejus·
1600 4754 1669 4811 Vere
1688 4752 1778 4825 aliud,
1793 4753 1823 4808 id

115 4847 181 4904 deur
201 4846 287 4904 lldem
304 4848 484 4919 sperantibus
494 4852 557 4920 ejus
571 4849 700 4920 posteris,
717 4857 822 4906 extunc
841 4850 943 4906 mutter
996 4842 1276 4910 ostalteriasrei,luit
1287 4842 1340 4898 hcc
1353 4841 1627 4914 signumtr'uiteninr
1639 4842 1751 4912 signum
1762 4840 1825 4897 dia-

115 4936 146 4992 irt
161 4939 241 4992 utero
257 4935 362 4994 habere
378 4939 474 5008 eoepit.
491 4939 556 4994 Erat
579 4941 675 4996 autem
702 4940 776 4994 Deus
801 4939 849 5010 qni
877 4955 943 5009 pro·
998 4930 1119 5004 boli‚qnl
1130 4948 1241 5004 semper
1251 4933 1384 4988 adversus
1394 4929 1543 4988 mulierem
1558 4931 1638 4985 illam
1654 4929 1821 4987 inimicitias

116 5023 373 5094 miseratejusdem
403 5026 533 5083 mulieris
562 5027 614 5094 vir,
639 5033 776 5099 paterque
791 5035 818 5082 et
846 5036 944 5084 auctor
997 5024 1133 5091 exercuit,
1150 5034 1178 5081 et
1204 5038 1333 5081 exercere
1362 5036 1420 5078 uon
1447 5019 1660 5088 desinit,malas
1688 5019 1753 5086 sihi,
1775 5020 1823 5077 ho·

114 5110 192 5167 illius
207 5114 413 5184 conceptionis,
428 5115 455 5170 id
472 5123 514 5172 est
544 5115 623 5185 lidei,
638 5131 689 5187 per
718 5131 801 5186 quam
817 5116 944 5173 Christus
997 5128 1050 5169 nas
1063 5119 1158 5168 nutem
1167 5111 1290 5168 mulieri,
1303 5110 1511 5181 Densuemque
1526 5107 1628 5173 bonos,
1644 5108 1758 5164 eaedem
1772 5125 1826 5179 pro

117 5201 165 5272 qui
182 5210 317 5260 venturus
331 5215 398 5272 eret,
414 5204 472 5274 iam
488 5203 518 5258 in
544 5211 656 5275 patrum
687 5205 863 5262 credentium
879 5221 942 5262 eor·
999 5201 1072 5258 hono
1089 5199 1397 5272 mulieris-inimicitias
1412 5197 1515 5268 posuit,
1539 5197 1778 5269 quemadmodum
1793 5197 1824 5252 in

114 5290 202 5346 dibus
218 5290 544 5350 hultitabet.l³roliciente
558 5303 653 5349 antem
669 5311 718 5365 per
734 5299 861 5366 tempora
880 5310 943 5352 ere·
997 5289 1079 5346 initio
1094 5291 1215 5362 loquens
1230 5290 1265 5346 etl
1282 5294 1443 5356 serpentem
1455 5284 1523 5341 dicit
1537 5302 1543 5340 :
1561 5307 1574 5336 ιι
1592 5284 1761 5341 Inimicitias
1772 5301 1824 5355 po·

116 5379 247 5434 dentium
264 5381 459 5448 multitudine,
475 5389 674 5438 successerunt
702 5387 810 5453 Moyses
825 5393 851 5440 et
877 5399 942 5454 pro·
998 5393 1063 5434 tam
1080 5378 1153 5434 inter
1179 5387 1204 5435 tc
1231 5385 1258 5432 et
1285 5375 1444 5442 mulierem,
1461 5380 1487 5430 ct
1503 5390 1601 5430 semen
1629 5380 1709 5430 tuurn
1726 5380 1753 5429 at
1775 5391 1822 5429 se·

116 5467 221 5537 phete,
239 5470 285 5539 qui
298 5468 382 5526 fidem
395 5487 476 5542 quern
487 5477 682 5543 susceperant,
693 5472 832 5545 loquendo
840 5473 944 5546 pariter
999 5483 1064 5524 men
1079 5468 1165 5524 illius.
1183 5468 1246 5538 lpse
1260 5471 1387 5522 conteret
1403 5469 1489 5534 caput
1506 5471 1596 5530 tuum,
1612 5472 1640 5518 et
1656 5471 1683 5518 tu
1705 5463 1823 5519 insilia-

118 5564 145 5612 ει
158 5554 308 5615 scribendo
321 5575 378 5616 non
395 5559 456 5616 sine
472 5577 573 5630 magna
588 5560 719 5617 desiderii
730 5563 889 5620 intentione
904 5561 941 5616 ai·
999 5559 1077 5615 beris
1106 5559 1239 5616 calcanco
1267 5557 1328 5628 ejus
1342 5551 1419 5624 (Gerr.
1444 5553 1498 5622 nv).
1508 5573 1522 5602 ιι
1551 5551 1678 5625 Denique
1701 5569 1820 5624 serpen-
