3980 6046
78 291 142 353 ora
630 283 835 348 cannam.
859 283 899 347 m
921 245 1092 349 saansa—
1115 289 1188 354 ιιι.
1212 291 1249 355 v.
1724 301 1784 363 aar

72 443 146 499 ceps
167 427 269 482 noster
287 429 315 481 et
331 421 437 478 dicitur
452 425 480 477 ει
504 425 559 491 est,
580 422 717 494 princeps
741 421 771 476 in
796 420 907 494 pretio,
923 423 950 491 Α
964 439 999 492 go
1015 423 1135 482 incensa
1150 443 1214 500 qua
1229 427 1271 483 illi
1285 429 1351 486 datu
1364 435 1443 500 sunt,
1456 435 1624 489 sanctornm
1636 433 1785 493 orationes

74 517 216 589 princeps
231 511 414 571 inunctionis
430 511 582 582 suffragio,
595 527 689 583 usque
700 511 737 566 ad
752 511 839 566 tinem
857 527 909 566 eu·
963 518 1043 572 sunt.
1060 515 1132 583 uuio
1149 522 1246 574 autem
1262 519 1386 576 orabant
1406 519 1497 576 suncti
1519 520 1572 588 illi,
1588 537 1712 594 quururn
1730 527 1785 582 iste

77 605 141 660 culi
158 603 295 676 princeps
311 602 364 658 isto
380 597 562 673 principatur
577 599 685 672 populo
705 599 767 672 Dei,
784 603 910 656 testante
963 602 1086 677 angelus
1100 606 1131 662 iu
1146 606 1197 662 tati
1213 607 1379 666 ministerio
1394 610 1612 682 uriacensem,
1630 613 1706 670 sicut
1723 631 1787 687 pro·

76 691 365 766 eodemengalo,qui
377 695 503 764 utsupra
514 707 581 747 eum
592 691 700 747 diceret
713 689 838 747 Danieli:
849 711 864 741 u
877 691 908 746 lu
962 691 1077 763 pbctioa
1092 694 1199 752 veritas
1214 698 1322 753 astruit
1338 697 1344 752 l
1362 698 1436 762 Ouid
1451 700 1586 768 orabant,
1602 701 1645 758 vel
1659 719 1709 774 pru
1725 721 1783 776 qua

74 791 209 857 tempore
226 781 276 838 illu
292 788 449 854 consurget
471 779 593 837 Micbecl
610 779 745 852 pdnoeps
769 795 907 854 mugnus,
963 783 1148 840 ructationes
1160 785 1461 844 maximeieciobantl
1478 789 1573 846 Plenas
1584 791 1701 862 quidem
1714 798 1785 849 sunt

76 875 128 948 qui
146 877 203 931 stat
217 889 270 946 pro
282 871 352 929 ultis
367 871 467 944 populi
478 871 521 926 tut
534 874 562 928 et
576 871 672 927 veuiet
684 875 812 943 tempus,
825 869 909 942 quale
962 870 1373 946 divlnaepaginaclemoribus
1383 877 1783 949 magnisquamoratiouibus

77 981 138 1021 non
155 963 209 1019 luit
224 979 259 1018 ex
271 975 305 1018 ec
321 977 356 1018 ex
371 975 429 1032 quo
445 969 545 1032 gentes
559 977 625 1018 sese
639 965 800 1032 coeperunt,
817 975 909 1032 usque
963 959 1079 1016 illorum
1096 963 1146 1033 qui
1163 965 1289 1021 nonnisi
1304 966 1334 1021 in
1348 967 1520 1024 necessitate
1531 973 1560 1024 ct
1572 971 1724 1042 temporali
1740 989 1784 1028 aa·

77 1055 115 1110 ad
133 1059 253 1125 ternpus
271 1051 343 1107 illud
361 1053 445 1120 titan.
469 1050 531 1122 ιιιι).
550 1071 564 1100 n
585 1050 638 1106 Pru
654 1049 723 1106 filiis
745 1049 845 1122 pepuli
866 1045 908 1104 tui
961 1048 1021 1106 lule
1045 1055 1135 1108 Deum
1160 1051 1295 1111 invocare
1318 1061 1471 1113 noverunt.
1497 1058 1629 1126 lixcmeli
1653 1061 1746 1132 gratia
1773 1076 1780 1118 ι

76 1135 909 1210 cumdicitur[laniatibusipsosrecleiutelligimus‚quia
963 1140 1123 1199 «Mortuus
1138 1148 1183 1200 est
1206 1159 1255 1200 rex
1279 1145 1404 1219 AEgypll,
1426 1151 1455 1202 et
1481 1145 1708 1218 ingemiscentes
1731 1150 1783 1207 tilii

80 1233 223 1288 nimirum
236 1234 264 1286 ει
280 1245 343 1297 nes,
361 1229 573 1301 quicunquees
585 1227 642 1283 tide
658 1227 779 1282 saraba
792 1241 908 1288 sarnus,
962 1231 1050 1288 lsrael
1064 1237 1182 1305 propter
1196 1249 1284 1306 opera
1307 1235 1454 1292 vociferati
1471 1240 1591 1294 suntad
1613 1239 1780 1300 Dominum.

80 1339 149 1378 cnm
167 1319 283 1376 Daniele
298 1322 327 1376 ει
337 1333 403 1374 curn
427 1317 567 1375 omnibus
582 1333 640 1374 non
662 1319 776 1373 tanturn
798 1315 907 1384 caruis,
963 1319 1158 1393 tetenditque
1172 1321 1284 1379 clamor
1299 1325 1446 1381 eurumed
1459 1325 1614 1384 Dominum
1628 1345 1679 1401 pro
1691 1331 1786 1402 opari-

80 1412 133 1467 scd
147 1414 175 1466 et
191 1409 246 1465 tlrlc
261 1408 384 1464 abraba
408 1405 459 1463 lilii
482 1421 557 1463 nnus
586 1407 712 1479 pupulus
736 1407 908 1462 auctoritate
961 1409 1017 1464 bus
1032 1412 1061 1466 et
1075 1411 1186 1468 audivit
1200 1413 1342 1483 gemitum
1358 1431 1458 1471 eorum
1476 1417 1575 1488 (daed.
1598 1420 1642 1487 11).
1662 1439 1676 1468 s
1693 1420 1784 1476 item:

80 1501 300 1571 scripturarum
320 1501 349 1552 et
364 1496 492 1553 dicimus
505 1501 535 1552 et
555 1511 660 1552 sumus
674 1495 764 1566 (Ram.
790 1496 840 1566 av).
857 1493 908 1550 His
961 1517 975 1548 «
993 1497 1089 1554 Iratus
1100 1503 1145 1556 est
1158 1501 1301 1560 Dominus
1316 1507 1420 1560 contra
1435 1505 1531 1578 lsrael,
1548 1507 1669 1562 tradidit
1683 1525 1733 1565 eus
1753 1509 1783 1564 in

79 1585 614 1661 itaquetestimoniisastipulantibus,
623 1584 765 1642 veraciter
774 1584 907 1659 agnosci·
961 1588 1096 1644 menibus
1106 1588 1197 1658 illius,
1209 1591 1429 1666 servieruntque
1441 1595 1479 1662 si,
1492 1599 1521 1650 el
1532 1595 1730 1653 clamaverunt
1747 1599 1782 1653 ad

16 1715 18 1718 -
79 1693 149 1732 rnus
164 1681 193 1733 et
208 1675 341 1742 dicimus,
358 1675 437 1732 huno
452 1673 599 1746 angelum,
621 1674 671 1746 qui
691 1672 743 1729 tali
758 1672 907 1730 schemate
960 1676 1128 1747 Dominum,
1146 1679 1196 1751 qui
1211 1682 1367 1738 suscitavit
1378 1683 1420 1739 eis
1438 1682 1597 1741 salvatores
1610 1689 1638 1741 ct
1649 1684 1785 1742 liberavit

79 1765 253 1838 stetitjuxta
268 1781 349 1820 aram
361 1764 473 1836 templi,
487 1762 655 1820 Michaelem
668 1779 732 1819 ease
745 1761 906 1834 erchange·
961 1781 1009 1822 eos
1021 1767 1180 1840 (ludicra).
1194 1787 1207 1822 s
1220 1769 1323 1836 Plena,
1335 1771 1467 1843 inquam,
1480 1773 1660 1829 suntdivinsa
1673 1774 1782 1846 uaginae

80 1856 143 1912 inm
157 1854 318 1927 principem
330 1857 476 1920 nostrum,
493 1857 522 1908 et
532 1849 622 1908 istum
634 1851 748 1907 cunctis
762 1857 837 1907 retro
852 1866 907 1906 sos·
962 1855 1131 1926 hujusmodi
1143 1857 1320 1915 clamoribus
1335 1858 1462 1916 illerum.
1474 1861 1529 1918 Sed
1543 1865 1674 1933 nunquid
1687 1864 1716 1918 hi
1729 1863 1782 1918 soli

82 1945 159 2001 cratis
175 1949 333 2014 antequam
347 1950 516 1999 nasceretur
531 1941 616 1998 nobis
632 1943 667 1996 de
690 1939 808 2012 Virgine
823 1955 905 2013 puer,
961 1944 1114 2014 clamores,
1140 1947 1282 2004 universas
1307 1948 1360 2004 illa
1382 1951 1527 2008 orationes
1553 1957 1733 2018 sanctornm,
1756 1956 1785 2008 et

83 2037 132 2109 qui
145 2035 255 2091 dicitur
265 2041 291 2091 et
307 2038 352 2090 est
367 2033 464 2106 magni
476 2031 588 2089 consilii
603 2031 752 2104 Angelum
768 2035 845 2094 note.
862 2030 908 2085 in·
963 2033 1096 2090 universa
1108 2035 1227 2092 incensa
1238 2036 1430 2109 inerantque
1441 2039 1487 2095 isti
1500 2039 1603 2110 angelo
1614 2041 1682 2095 data
1695 2041 1785 2096 sont?

78 2141 179 2196 qnam,
196 2121 310 2180 scilicet
325 2137 359 2178 ea
375 2137 433 2195 quo
449 2125 549 2192 gentes
560 2124 720 2194 coeperunt,
733 2133 833 2192 exque
845 2135 906 2176 cre·
962 2121 1157 2179 Sinibilallud
1169 2125 1373 2191 adoraverunt.
1385 2130 1642 2198 ergoneurstiones
1654 2127 1782 2197 illorum,

77 2214 154 2270 didit
168 2213 316 2268 Abrabam
327 2215 428 2278 Ducat
439 2213 606 2284 reputatum
619 2208 697 2266 estei
710 2209 747 2265 ad
759 2208 904 2280 justitiam
962 2212 1082 2268 incensu
1097 2214 1205 2280 vocari,
1217 2219 1244 2270 et
1260 2221 1328 2271 ante
1343 2216 1434 2273 altare
1447 2219 1508 2272 sive
1519 2223 1588 2273 ante
1598 2219 1735 2275 thronum
1754 2220 1783 2274 in

75 2304 153 2375 (Gen.
170 2303 227 2374 xv),
245 2301 332 2358 lstuvn
347 2301 464 2356 stetisse
481 2313 536 2372 pru
552 2297 621 2354 illiie
637 2297 737 2372 pupuli
758 2297 905 2363 iniusso·
961 2307 1117 2374 conspectu
1131 2301 1180 2360 lici
1193 2304 1407 2378 adoleridignm
1420 2307 1563 2362 lucranti
1578 2307 1785 2380 igituroratiu-

75 2408 205 2466 rumque
220 2391 312 2448 luisse
330 2390 496 2462 adiutorem
511 2403 570 2446 non
592 2387 771 2444 dubitamus.
788 2387 828 2442 lis
847 2401 905 2458 quo
960 2407 1011 2446 nes
1024 2395 1192 2448 sauctorum
1203 2393 1321 2449 Petrum
1335 2395 1394 2450 sive
1410 2395 1643 2452 Patriarobarum
1656 2415 1719 2468 quaa
1736 2397 1783 2453 hic

73 2481 200 2538 credidit
216 2481 358 2536 Abrabam
376 2481 441 2546 beu,
460 2483 493 2535 ut
504 2479 567 2550 jam
583 2477 692 2535 dictum
706 2480 761 2545 est,
772 2479 800 2532 et
818 2491 903 2548 repu-
960 2481 1081 2536 inccnsa
1096 2481 1184 2552 digne
1200 2483 1294 2539 vocari
1310 2487 1493 2555 meruerunt,
1505 2483 1560 2540 illm
1577 2487 1695 2542 luerunt
1709 2503 1783 2558 quas

72 2576 168 2627 tatum
184 2574 230 2626 est
239 2567 264 2626 si
280 2569 316 2626 sd
328 2568 486 2640 justitiam,
499 2589 510 2620 ι
526 2563 582 2624 Ιειε
593 2567 715 2640 angelus
726 2565 808 2622 stetit
821 2566 905 2636 juxta
959 2568 1782 2644 effundebantproptercbrietum‚prepteradipiscendum

77 2655 601 2732 aramtemplibabeustburibulum
618 2671 740 2712 aureum
769 2655 798 2711 ln
815 2669 903 2711 manu
959 2657 1023 2728 ejus
1038 2658 1194 2715 adventum
1211 2675 1318 2733 magno
1334 2660 1408 2733 putri
1424 2662 1546 2717 Alrrsbe
1559 2663 1783 2734 repromissum,

77 2745 855 2830 suat.aNondumsignillcutlouemstantisattigimns‚
868 2743 904 2798 de
960 2746 1037 2802 utin
1052 2747 1116 2819 ipso
1137 2747 1380 2806 benedicerentur
1399 2767 1465 2807 curn
1486 2751 1624 2808 omnibus
1646 2753 1783 2824 gentibus

77 2857 136 2915 qua
153 2839 342 2912 postmodum
359 2839 465 2895 dicturi
482 2853 598 2904 sumus,
614 2835 665 2893 sed
680 2835 817 2907 adjutorii
839 2835 904 2905 elus
959 2837 1020 2892 sive
1035 2836 1260 2908 cognationibus
1272 2843 1355 2895 terro
1367 2839 1443 2911 (Gen.
1458 2843 1537 2912 ιιιιι),
1553 2845 1641 2912 atque
1653 2843 1784 2899 absolve·

79 2947 137 3002 quo
166 2929 307 3003 populum
324 2925 450 3002 priorem
467 2927 496 2983 in
517 2927 636 3000 propria
660 2941 784 2998 persone
807 2922 904 2994 adjuvi
959 2931 1062 2982 rentur
1077 2927 1113 2982 ad
1130 2926 1180 2982 illa
1193 2929 1293 3000 prima
1305 2930 1552 3000 prevaricationis
1570 2930 1782 2988 maledictione.

81 3021 228 3092 princeps,
252 3025 334 3075 uetus
357 3031 589 3074 commemorare
606 3013 796 3072 intendimus.
811 3015 902 3080 Quam
959 3014 1018 3070 Hoc
1035 3014 1160 3071 manime
1174 3015 1266 3072 David
1278 3021 1399 3073 sanctus
1415 3019 1444 3073 in
1461 3017 1585 3074 Psalmis
1598 3019 1787 3090 patantcrin·

81 3106 453 3181 crgojuxtuuramtempli,
464 3105 507 3163 vel
519 3107 604 3178 cujus
618 3103 903 3176 templljustaarum
960 3105 1064 3176 tendit,
1082 3121 1155 3176 quos
1171 3107 1282 3162 orendo
1304 3109 1393 3175 canit,
1410 3109 1519 3180 quippe
1543 3109 1592 3180 qui
1608 3114 1635 3164 et
1648 3125 1700 3181 pre
1722 3109 1786 3182 ipsu

81 3197 166 3254 illurn
183 3198 300 3254 stetisse
314 3194 533 3268 intelligimus?
548 3193 682 3250 Niuirum
695 3192 837 3264 templum
857 3191 908 3248 Dei
923 3181 946 3246 Β
962 3193 1124 3251 intentione
1134 3199 1221 3251 tanta
1232 3196 1626 3269 diguitatisjudicateasdcm
1638 3199 1786 3255 orationes

79 3292 228 3352 sunctum,
245 3291 346 3342 sancta
362 3283 535 3342 universalis
549 3282 679 3340 Ecclesia
700 3285 755 3350 εει,
771 3285 800 3338 ει
815 3280 905 3352 hujus
959 3301 1040 3356 suae,
1056 3289 1088 3340 ut
1102 3285 1132 3340 ia
1150 3299 1274 3358 persona
1286 3287 1362 3358 ejus,
1374 3287 1459 3358 culus
1471 3287 1628 3344 adventurn
1644 3289 1782 3362 suspirat,

80 3376 182 3449 tempti
194 3375 312 3432 urasive
323 3376 414 3431 altare
424 3374 560 3430 Christus
571 3375 625 3430 est.
635 3372 784 3440 Quomodo
796 3371 825 3426 in
835 3375 906 3426 tem·
960 3375 1115 3446 pterosque
1127 3373 1255 3446 psalmus
1266 3376 1404 3448 proterat,
1415 3377 1493 3448 quud
1503 3375 1565 3449 ipse
1575 3393 1680 3433 sensus
1689 3393 1784 3433 corum

80 3468 129 3538 plo
146 3465 314 3520 manufacto
332 3463 447 3519 visibila
468 3461 558 3519 altare
573 3460 742 3518 omnimoda
762 3459 906 3532 dignitate
959 3463 1521 3522 indubitanterattendentibusindicst.
1535 3467 1783 3539 liscmpligrutia:

80 3553 231 3625 religionis
255 3553 488 3626 praemiroque
510 3551 539 3608 in
556 3550 684 3608 Ecclesia
702 3565 756 3606 sua
778 3548 856 3605 Deus
879 3551 908 3604 ct
962 3575 974 3606 a
992 3553 1079 3625 Deus,
1096 3555 1209 3611 laudern
1226 3569 1317 3612 meam
1335 3571 1371 3612 ne
1385 3557 1589 3622 tacueriactc.
1606 3577 1620 3608 n
1634 3561 1687 3614 Pro
1705 3573 1738 3613 eo
1754 3561 1786 3614 ut

80 3647 169 3701 homo
181 3643 323 3710 Christus,
333 3643 431 3700 diviua
442 3642 532 3699 simul
547 3645 576 3698 et
587 3639 666 3714 aegla
679 3641 909 3712 maJestatsprcs·
962 3643 1087 3699 diceret:
1105 3643 1194 3713 Deus,
1205 3643 1321 3700 laudern
1334 3645 1441 3700 Christi
1454 3645 1516 3702 Filii
1528 3646 1571 3700 tui
1590 3663 1625 3702 nc
1646 3647 1786 3716 tacueris,

83 3733 182 3806 pollet.
195 3731 343 3799 Quomodo
349 3733 433 3806 Juxta
441 3747 521 3788 aram
533 3728 705 3802 hujusmodi
716 3729 772 3784 iste
780 3725 909 3801 *augelus
963 3752 977 3781 a
987 3732 1056 3802 quia
1067 3746 1100 3786 os
1109 3731 1270 3802 precatoris
1280 3736 1310 3788 et
1320 3747 1352 3788 os
1361 3731 1454 3789 dolosi
1468 3749 1557 3805 super
1570 3750 1638 3790 cum
1650 3741 1785 3806 apertum

83 3818 908 3895 stetit‘tUbiprlmumsraipsslntemplosuulundataesl;
963 3827 1016 3874 εει.
1033 3818 1134 3874 Loculi
1151 3823 1221 3875 sunl
1236 3819 1377 3875 adversus
1392 3819 1476 3875 illum
1502 3820 1602 3892 lingua
1624 3821 1735 3889 dolosa,
1758 3827 1788 3876 et

84 3913 136 3969 ubi
147 3910 621 3983 Christuspertldemiucordibus
630 3911 747 3980 patrum
764 3907 910 3980 repositus
964 3910 1151 3966 sermonibus
1165 3911 1223 3966 odii
1235 3911 1493 3967 circumdederunt
1503 3925 1581 3982 curn,
1593 3915 1621 3967 et
1640 3927 1792 3985 expugna-

83 4007 129 4060 est
140 4001 324 4057 credentium
335 3999 403 4056 huic
413 4001 520 4056 verbo:
537 4019 552 4050 a
564 3999 597 4054 itt
607 3997 636 4054 in
646 3998 759 4054 semine
769 3995 909 4051 taanenu·
964 4003 1070 4055 verunt
1083 4015 1150 4055 eum
1168 3999 1259 4072 gratis
1271 4001 1455 4071 (Psalcvrn).
1470 4021 1484 4051 n
1495 3999 1618 4057 Proinde
1629 3999 1726 4056 hecel
1737 4001 1791 4055 hu·

84 4094 220 4148 dicentur
230 4105 332 4146 omnes
344 4093 446 4162 gentes
457 4087 627 4164 (camo),
643 4107 657 4138 n
671 4087 749 4160 qued
761 4083 860 4156 ntique
870 4099 913 4139 se·-
961 4091 1364 4161 jusmcdilueensaverecsse
1374 4107 1432 4147 non
1443 4091 1582 4164 ignorans
1592 4089 1719 4164 quodam
1729 4091 1792 4148 loco

85 4195 152 4237 rnen
168 4179 304 4235 christus
319 4183 375 4246 aet,
387 4183 494 4236 extunc
510 4177 633 4250 angelus
648 4175 704 4232 iste
721 4173 818 4248 gentis
834 4171 913 4228 illius
966 4195 1033 4236 oum
1045 4179 1167 4235 dixisset
1178 4198 1184 4236 ι
1195 4199 1209 4230 a
1227 4179 1360 4251 Domine,
1374 4179 1496 4236 clamavi
1511 4181 1547 4236 ad
1564 4181 1794 4250 [amandinus

85 4270 228 4342 princeps
244 4269 339 4324 iaetus
353 4274 408 4340 cst,
420 4271 449 4326 cl
463 4265 572 4324 idcirco
588 4265 753 4336 reetejnxta
764 4271 845 4320 aram
861 4265 916 4318 ste·
968 4271 1085 4326 intende
1097 4271 1159 4326 voci
1174 4285 1244 4326 mes
1260 4285 1326 4326 euru
1339 4270 1502 4326 clamavero
1514 4271 1550 4327 ad
1563 4277 1590 4328 te
1601 4289 1608 4342 3
1618 4295 1632 4323 a
1642 4271 1796 4344 subjunxit

87 4361 162 4415 lisso
177 4357 285 4413 dicitur
301 4373 308 4413 ι
325 4361 392 4431 qula
408 4361 526 4431 propter
541 4353 712 4427 hujusmodi
733 4353 820 4410 iidem
835 4353 916 4408 lutor
969 4360 1105 4416 continuo
1123 4373 1130 4414 τ
1147 4381 1160 4410 a
1174 4359 1324 4431 Dirigstur
1338 4360 1428 4415 oratio
1444 4375 1521 4430 mea,
1538 4361 1796 4432 montiacensem,

87 4449 241 4519 ctudjutor
252 4447 294 4502 illi
307 4447 416 4521 populo
429 4447 518 4504 datus
529 4449 583 4503 eat.
599 4445 795 4516 nstalitcrgc,
807 4441 915 4512 inquit,
969 4447 1000 4504 in
1015 4453 1173 4521 conspectu
1195 4451 1244 4504 tuo
1261 4448 1345 4518 (Psoi.
1356 4449 1429 4519 aaa).
1446 4470 1460 4498 u
1478 4452 1514 4505 ut
1527 4455 1572 4506 est
1594 4467 1699 4506 sensus
1715 4465 1722 4506 ι
1739 4455 1799 4506 ιιιο

88 4541 203 4596 babens
219 4538 405 4596 thuribulum
422 4539 586 4597 aureamin
603 4553 692 4594 manu
703 4548 768 4593 sua.
783 4557 798 4584 n
809 4533 918 4589 'l'buri-
937 4525 959 4594 G
974 4537 1029 4606 lac,
1044 4541 1077 4593 ut
1092 4537 1182 4595 uratia
1195 4553 1260 4594 mes
1274 4538 1445 4607 sildirccta‚
1459 4555 1515 4595 non
1533 4540 1562 4595 in
1579 4545 1735 4614 conspeetu
1749 4541 1800 4596 bc·

89 4629 194 4686 bulum
207 4643 328 4684 aureum
340 4629 412 4686 tides
424 4629 543 4686 illorum
555 4633 616 4685 crat
628 4629 740 4693 sancta,
752 4622 825 4680 tides
835 4637 918 4696 pura,
978 4625 1103 4696 minum,
1115 4627 1166 4698 qai
1179 4626 1350 4699 sospitatem
1364 4629 1493 4700 corporis
1505 4633 1533 4684 et
1548 4630 1667 4686 divitias
1678 4647 1761 4687 orara
1771 4633 1801 4686 et

90 4719 165 4774 tides
182 4730 281 4788 aurea,
293 4718 428 4776 videlicet
444 4718 545 4775 multis
556 4714 795 4774 tribulationibus
805 4727 921 4770 eorum·
976 4715 1095 4786 similia,
1117 4716 1258 4772 directam
1284 4719 1391 4788 putant
1415 4731 1480 4773 esse
1505 4719 1678 4786 orationem,
1696 4719 1745 4774 scd
1770 4718 1801 4773 iu

91 4809 160 4864 dem
175 4811 383 4880 superterram
400 4805 666 4882 peregrinantium,
679 4803 758 4859 velut
773 4817 879 4859 aarum
891 4802 921 4858 iu
977 4809 1133 4877 conspectu
1149 4809 1211 4876 tuo,
1226 4805 1256 4861 in
1271 4803 1458 4878 beneplacito
1479 4812 1538 4876 ιιιο,
1557 4809 1633 4878 quod
1659 4807 1736 4864 idom
1758 4811 1802 4862 cet

93 4897 212 4953 camino
224 4895 301 4970 ignis
311 4898 444 4971 probata.
457 4895 536 4953 Hanc
547 4895 667 4952 illorum
680 4893 767 4948 iidem
781 4895 922 4964 tanquam
978 4911 1011 4951 ae
1021 4896 1046 4951 si
1062 4891 1172 4952 diceret
1189 4911 1196 4951 ι
1212 4897 1272 4952 Hoc
1288 4895 1332 4951 iac
1348 4911 1394 4950 me
1405 4911 1488 4952 crare
1502 4899 1578 4967 qnod
1593 4895 1733 4951 orandum
1746 4899 1802 4954 cst.

92 4986 282 5043 thuribulum
298 4987 426 5045 habebat
440 4989 469 5043 in
491 5001 579 5044 mauu
605 4999 671 5050 sua,
692 4981 805 5039 scilieet
826 4981 921 5053 ipsam
978 4983 1113 5056 Sequitur
1127 4997 1220 5057 crgo:

93 5077 208 5132 babens
230 5089 281 5150 pro
304 5077 364 5134 iltis
383 5077 505 5150 justitie
531 5091 662 5144 causam,
681 5073 717 5130 sd
740 5071 923 5145 impetranda
1016 5097 1030 5128 a
1047 5074 1081 5130 lit
1097 5075 1230 5132 ascendit
1245 5075 1345 5131 lamus
1360 5075 1549 5132 incensorum
1567 5077 1602 5133 de
1621 5077 1805 5134 orationibus

95 5164 148 5221 Dei
164 5166 317 5224 beaellcia.
329 5167 413 5224 Unde
427 5169 456 5223 et
470 5165 621 5238 sequitur:
980 5170 1150 5222 sanctorum
1162 5165 1197 5222 de
1213 5179 1301 5221 mauu
1314 5165 1411 5237 angeli
1424 5183 1521 5223 coram
1537 5171 1604 5224 Deo.
1617 5189 1631 5218 n
1647 5169 1755 5224 Fumea
1765 5167 1807 5223 in·

134 5275 148 5306 a
166 5251 196 5310 lit
213 5255 283 5312 data
299 5259 369 5313 suut
385 5257 410 5313 ei
427 5257 545 5313 incensa
559 5254 663 5323 multa,
675 5253 708 5309 ut
723 5253 804 5308 daret
819 5251 925 5310 deora·
980 5253 1808 5342 censorumsuavissimnsstallectiosanaturumprecum,

95 5343 230 5400 tionibus
247 5349 414 5402 sanctorum
427 5345 560 5402 omnium
577 5359 667 5416 super
682 5341 773 5398 altare
790 5359 923 5412 aureum,
980 5361 1044 5416 quus
1061 5343 1102 5401 sio
1117 5359 1151 5400 cx
1169 5341 1225 5398 ilde
1238 5357 1288 5414 por
1303 5341 1489 5399 dilectionem
1502 5343 1808 5417 operantednlcescil‚

94 5435 172 5506 quod
183 5437 460 5494 estantethronum.
471 5457 484 5488 n
495 5435 568 5503 Quid
581 5449 630 5508 per
640 5431 926 5490 incensavclitintel·
980 5439 1009 5490 et
1019 5449 1117 5490 curam
1128 5431 1186 5488 Deo
1202 5430 1515 5504 consurgitquomoda
1527 5433 1563 5490 ab
1576 5435 1642 5504 igne
1659 5435 1808 5490 cremante

96 5523 149 5596 ligi
165 5525 243 5580 m
259 5523 322 5598 ipse
337 5523 618 5598 exposuitdiccndo,
635 5521 804 5579 uldasetdc
822 5521 926 5579 oratio·
981 5525 1051 5580 dum
1068 5519 1203 5594 liquescit
1217 5520 1380 5588 incensum,
1392 5521 1506 5580 iunium
1523 5527 1602 5580 creat
1613 5525 1803 5591 udoriiernm,

100 5613 190 5670 nibus
204 5619 374 5673 sanctorum
387 5611 864 5688 amulumsupesaltareeureum.
878 5613 926 5667 ilr-
982 5629 1101 5670 sursum
1119 5610 1240 5667 neribus
1263 5609 1372 5683 patulis
1396 5627 1518 5671 sensum
1541 5613 1690 5687 inspirans
1712 5613 1809 5671 insite
