3980 6046
155 219 216 280 863
703 215 877 280 llUPilR'l'l
898 211 1063 278 Ausstcls
1085 213 1302 278 cuttlunsts
1799 211 1857 274 set

195 372 207 404 a
226 353 445 409 Sacramentum
470 356 579 424 septem
607 351 769 423 stellarum,
790 369 863 424 quas
878 351 975 408 vidisti
994 353 1015 420 ,t
1034 350 1179 423 sapienter
1190 351 1275 422 Juxta
1292 363 1402 405 morem
1421 347 1583 421 prudentis,
1601 350 1629 403 et
1645 347 1716 402 berre
1736 362 1857 417 compo-

158 441 186 497 in
204 444 318 500 dextera
343 458 415 510 men,
432 445 460 497 et
484 446 594 513 septem
619 441 794 498 candelebra
817 457 914 508 aurea,
931 455 978 496 se·
1032 441 1082 498 siti
1099 437 1477 506 oraturis,benevolentiam
1501 453 1602 492 eorum
1624 441 1731 508 captet,
1746 437 1856 508 quibus

159 535 237 603 ptem
249 529 340 586 stelles
353 529 448 602 angeli
460 539 527 586 suut
539 537 648 603 septem
663 530 866 586 Ecclesiarum.
880 553 894 581 »
905 533 977 587 Cum
1032 530 1166 602 loquitur
1179 528 1224 585 vel
1240 529 1352 596 scribit,
1370 533 1401 584 ut
1422 527 1566 601 patientes
1581 527 1641 584 siat
1657 527 1692 582 ad
1709 525 1858 582 audienda
1970 533 1971 572 ἰ

158 619 264 676 trinam
278 621 978 690 scribendorumdistinctionemieceritdicendo,
1032 621 1150 690 scripta,
1174 619 1305 692 quamvis
1329 618 1442 691 possint
1458 616 1580 674 molesta
1594 616 1693 672 videri.
1715 639 1728 666 a
1753 621 1857 672 Sacra-

159 729 173 756 «
189 725 253 780 quae
268 709 482 782 vidisti,etquse
495 718 573 780 sunt,
591 715 619 766 et
635 726 698 782 quae
714 714 825 781 oportet
840 711 901 766 fieri
915 714 979 782 poet
1033 715 1201 778 mentum,»
1212 708 1319 781 inquit,
1332 708 1506 765 subauditur
1517 707 1623 776 scribe,
1639 727 1653 756 a
1666 711 1777 778 septem
1789 705 1859 761 stcl-
1970 763 1971 782 ,

158 795 528 866 beausobrianarum
554 801 745 872 nuncuparit,
761 800 854 870 idest,
871 815 980 870 sequte
1031 797 1215 864 larum,·›id
1243 805 1296 866 est,
1326 798 1395 869 quid
1427 796 1594 869 significent
1621 801 1733 868 septem
1749 794 1855 862 stellae,

157 890 237 954 sant,
263 891 290 942 ct
314 889 398 958 quusi
424 887 604 960 ingressuro,
632 887 832 961 intelligentie
854 889 977 959 jannem
1032 911 1046 939 a
1062 887 1243 961 quasvidisti
1256 888 1414 943 ludentem
1427 903 1497 942 ntea.
1515 909 1529 936 »
1540 888 1579 943 tlc
1595 885 1740 958 deinceps.
1755 907 1768 935 o
1783 886 1858 956 Sep·

158 975 272 1048 pandit,
290 982 321 1032 at
335 977 470 1047 tangendi
488 977 682 1034 conscientias
696 994 810 1044 eorum,
836 977 885 1050 qui
909 981 979 1032 tunc
1032 984 1090 1034 tem
1107 976 1199 1034 stellae
1212 975 1307 1050 angeli
1323 981 1392 1034 eunt
1407 981 1516 1049 septem
1531 975 1733 1042 scelestarum,
1748 979 1776 1030 et
1787 991 1861 1029 can-

157 1070 241 1120 erent
262 1063 306 1120 uel
334 1070 477 1136 preerant
507 1065 653 1135 Ecclesiis,
684 1067 841 1122 auctoritas
866 1066 978 1121 bomini
1033 1064 1858 1140 delabrsseptem:septamEcclesiaesunt.»licclcsia·
1970 1093 1971 1108 ,

158 1171 215 1208 non
232 1154 316 1209 desit.
329 1153 398 1210 Nara
413 1159 525 1226 poterat
540 1155 659 1226 quidem
671 1154 772 1211 eodem
786 1155 870 1211 modo
883 1154 979 1210 dicere
1033 1173 1098 1214 rum
1112 1155 1252 1227 presules
1267 1157 1401 1228 quamvis
1417 1155 1507 1226 aliqui
1524 1171 1576 1228 pru
1603 1155 1661 1210 vita
1677 1153 1793 1226 propria
1808 1169 1860 1208 re-

157 1241 248 1300 Frlias
263 1243 399 1312 hominis,
418 1245 475 1301 sive
486 1251 702 1302 sacramentum
718 1245 782 1302 Filii
800 1245 926 1302 hominis
938 1244 979 1300 sic
1035 1241 1245 1316 prehensibilss
1260 1245 1331 1310 sint,
1351 1247 1379 1298 et
1395 1241 1514 1314 angelos
1529 1247 1558 1298 et
1581 1241 1679 1298 stellas
1706 1240 1860 1314 appellere

156 1332 327 1402 restiti,sie
355 1334 513 1405 praecincti,
535 1333 593 1390 tale
617 1337 705 1407 caput
727 1333 857 1406 talesque
881 1333 979 1389 oculos
1033 1331 1139 1388 maluit
1153 1336 1181 1388 et
1210 1330 1346 1388 ecclesias
1369 1347 1482 1400 amnes,
1508 1333 1642 1404 quamvis
1659 1331 1687 1388 iu
1704 1330 1858 1402 aliquibus
1970 1375 1971 1380 ,

158 1419 307 1491 habentis,
323 1422 378 1479 hoc
393 1423 436 1478 vel
454 1423 510 1479 tale
525 1428 579 1494 cst,
596 1425 646 1480 sed
663 1440 721 1479 nou
737 1424 809 1480 adea
825 1439 871 1478 res
883 1425 980 1496 exige·
1034 1422 1125 1478 mulia
1140 1423 1198 1480 sint
1213 1423 1348 1493 obscura,
1362 1422 1606 1478 candelabrorum
1622 1437 1777 1478 aurearum
1795 1421 1862 1494 pul-

156 1510 218 1576 bat,
235 1527 293 1566 non
308 1515 388 1567 tantu
399 1512 507 1584 negotii
521 1511 679 1568 necessitas
696 1511 889 1584 argebat.0ui
901 1515 979 1568 euim
1033 1510 1860 1583 chrisnominibus,sisesignisscativtsimagiuibusbonc-

158 1599 361 1656 tantummodo
377 1602 459 1656 docet
474 1601 545 1672 quid
561 1605 667 1670 teneat,
682 1601 725 1657 vel
742 1602 811 1674 quid
824 1611 918 1658 tenere
930 1602 978 1656 da·
1034 1602 1131 1658 stavit.
1148 1602 1180 1657 Et
1196 1611 1282 1670 recte,
1297 1600 1367 1673 quia
1383 1599 1693 1656 videlicetsuccrdotes
1713 1599 1773 1654 sive
1784 1616 1864 1670 prce-

158 1688 223 1744 beut
239 1688 382 1745 catholica
398 1691 481 1756 tides,
498 1708 554 1747 non
571 1695 652 1748 tauto
668 1691 802 1764 prasidio
814 1692 979 1748 divineeeu·
997 1719 1018 1784 B
1035 1691 1125 1760 eules,
1142 1691 1276 1763 quemvis
1295 1689 1443 1746 interdum
1460 1705 1512 1763 pro
1527 1690 1589 1746 suis
1605 1690 1720 1745 actibus
1731 1688 1790 1745 sint
1806 1690 1861 1744 ub·

158 1776 302 1850 claritatis
318 1795 369 1834 eeu
386 1779 542 1836 voluntatis
557 1797 632 1853 opus
647 1781 743 1850 hebet,
760 1788 869 1854 quanto
880 1781 916 1846 is,
929 1783 978 1854 qui
1034 1784 1124 1849 ecurt,
1142 1797 1193 1854 pro
1209 1767 1304 1836 officio
1319 1783 1417 1836 tamen
1438 1778 1547 1844 lucent,
1564 1778 1711 1835 recitando
1729 1778 1857 1834 Verbum

157 1866 276 1938 corripit
292 1874 320 1923 ei
336 1873 460 1939 percutit
473 1871 634 1942 marescal
645 1870 680 1925 de
691 1869 980 1927 occultishuminurn
1033 1870 1095 1940 Dei,
1120 1874 1147 1924 et
1173 1868 1345 1925 celebrando
1376 1866 1504 1924 ccelestia
1525 1871 1709 1923 sacramenta
1732 1865 1855 1934 Christi,

159 1956 360 2026 conscientiis,
385 1975 436 2014 seu
453 1959 510 2014 rita
533 1961 655 2016 maxime
680 1961 791 2031 privata
815 1965 921 2017 tractet
935 1961 978 2016 vet
1033 1963 1120 2031 atque
1136 1959 1269 2030 ltequasi
1281 1958 1412 2030 quaedum
1424 1955 1554 2012 stellein
1569 1957 1653 2027 signa
1665 1960 1768 2012 suntet
1779 1959 1855 2011 tcrn·

157 2043 299 2116 disputst,
316 2052 345 2102 et
360 2045 497 2119 legendas
509 2048 583 2106 865
602 2049 760 2104 conscribit
776 2049 978 2106 rationes.lllia
1033 2065 1111 2121 pora.
1127 2047 1215 2104 Verbi
1231 2047 1335 2120 gratia,
1346 2062 1413 2102 curu
1430 2046 1527 2100 dicuat
1544 2044 1614 2100 illud
1632 2043 1761 2117 Apostoli
1775 2060 1781 2099 :
1794 2043 1857 2100 llas
1970 2069 1971 2098 r

158 2150 281 2206 nemque
306 2135 534 2208 suifragantibus
562 2138 780 2210 scripturarum
806 2138 979 2194 testimoniis
1032 2139 1191 2212 precessit,
1207 2138 1270 2194 dies
1286 2142 1383 2193 sutem
1399 2135 1763 2209 appropinquabit(6en1;
1778 2135 1856 2190 Rern.

156 2221 245 2278 etism
261 2223 385 2296 ignavus
396 2226 461 2280 vitm
477 2241 535 2282 sure
548 2226 714 2282 moderator
725 2227 759 2282 ad
777 2227 862 2282 tidem
874 2231 978 2298 sponte
1032 2229 1103 2300 arri).
1120 2249 1134 2277 n
1150 2226 1259 2284 idcirco
1276 2227 1311 2281 de
1338 2224 1509 2297 hujusmodi
1529 2223 1622 2280 stellis
1638 2222 1760 2296 mystica
1776 2223 1856 2279 Scri·

158 2313 366 2381 consentit,hic
378 2313 722 2370 detllcientibaeoccultae
737 2316 919 2372 conscientiae
931 2333 976 2370 ar·
1032 2321 1118 2391 ptura
1133 2316 1202 2372 dicit
1220 2332 1227 2372 ε
1245 2337 1259 2366 a
1274 2315 1344 2380 ouis
1373 2315 1440 2372 lecit
1467 2317 1621 2370 Arcturum
1647 2319 1675 2369 et
1695 2313 1809 2382 Hyades
1827 2316 1857 2367 el

155 2400 251 2470 birris,
267 2402 352 2456 etiam
364 2409 502 2458 strenuus
515 2402 931 2477 fldeidecertatorindignatur
943 2405 978 2462 de
1044 2405 1151 2463 Oriona
1166 2406 1179 2460 'l
1196 2427 1210 2456 u
1222 2405 1290 2478 (tob.
1306 2404 1357 2476 ix).
1374 2404 1444 2460 item
1461 2419 1468 2458 :
1492 2421 1503 2452 s
1519 2401 1657 2475 Nanqnid
1685 2402 1858 2474 contingere

159 2490 283 2561 proprios
298 2491 362 2544 vite
378 2497 454 2546 statu
471 2491 726 2564 reprebendl,cum
739 2494 774 2549 de
795 2494 864 2550 laris
885 2495 978 2550 iacere
1031 2495 1141 2554 valebis
1156 2492 1408 2550 micantesetelles
1420 2490 1854 2563 Pleiades,autgyrumtrcturi

154 2577 288 2632 ridentur
311 2582 405 2634 totum
431 2581 506 2650 quod
533 2581 626 2636 lacere
651 2581 737 2638 debet
756 2582 978 2640 Ecclesiasticus
1032 2583 1177 2656 dissipare
1197 2584 1304 2656 pateris
1319 2583 1333 2638 1
1348 2605 1362 2634 o
1379 2582 1445 2654 (iob.
1461 2583 1592 2654 xxxviii.)
1609 2585 1641 2636 ut
1668 2580 1715 2637 his
1730 2579 1855 2636 similia.

157 2665 211 2734 vir,
229 2671 271 2734 ut,
287 2667 410 2739 exempli
427 2669 533 2740 gratia,
550 2669 701 2726 videbatur
727 2670 775 2726 ille
790 2671 910 2745 angelus
927 2673 977 2728 lic·
1033 2676 1135 2732 itidem
1152 2674 1294 2732 llcclesias
1309 2674 1389 2747 ipsas
1404 2673 1575 2730 candelabra
1593 2687 1756 2728 assecures
1775 2677 1856 2727 recte

154 2756 249 2814 etesiae
264 2759 362 2816 Sardis
374 2760 693 2834 cuiscriberejubetur
708 2763 768 2820 sic:
786 2786 800 2814 a
812 2763 877 2821 Scio
890 2781 975 2838 opera
1031 2764 1114 2834 dixit,
1137 2763 1271 2820 videlicet
1294 2779 1345 2836 pra
1374 2766 1455 2836 parte
1480 2761 1598 2817 illorum
1627 2759 1677 2833 qui
1704 2759 1855 2816 Christum

157 2851 206 2902 tna
222 2847 290 2916 quia
305 2863 411 2904 nomen
434 2843 612 2924 hebesquod
636 2851 726 2919 vivas,
752 2857 781 2908 et
798 2857 977 2911 mortuuses
1032 2855 1130 2910 lumen
1158 2869 1245 2909 suurn
1274 2851 1439 2925 glorificant
1464 2855 1524 2907 tam
1545 2850 1748 2906 confessionne
1772 2849 1857 2908 vocis

155 2935 244 3008 (Apoc.
263 2936 316 3008 ni).
333 2958 347 2986 r
365 2940 533 3010 Opportune
548 2956 601 3013 ego
617 2957 717 2997 eorum
734 2958 798 3015 quae
810 2951 879 3000 tunc
893 2947 978 3000 eraut
1031 2961 1118 3017 quam
1130 2943 1267 3015 obsequio
1283 2943 1350 3000 boni
1366 2942 1463 3016 operis
1491 2940 1656 2998 secundum
1674 2945 1855 3014 praeceptum

155 3016 199 3080 iet
215 3026 324 3083 tiebant
338 3027 512 3086 inlleclesiis
522 3030 703 3088 intellectum
713 3033 973 3104 signentcreperit,
1031 3034 1124 3106 ipsius
1138 3033 1263 3089 dicentis
1278 3048 1286 3088 ι
1299 3055 1312 3083 a
1326 3033 1434 3088 Luccei
1448 3030 1496 3086 lux
1506 3035 1602 3086 vestra
1613 3046 1711 3086 coram
1723 3029 1856 3086 homini-

152 3119 180 3169 et
197 3131 248 3186 per
263 3117 380 3188 singula
406 3118 551 3176 videntem
581 3120 729 3178 deducens
746 3138 753 3189 ;
770 3121 842 3190 huc,
868 3121 973 3194 inquit,
1004 3129 1011 3156 ¹
1031 3123 1097 3190 bus,
1114 3126 1144 3178 ut
1169 3122 1285 3178 videant
1308 3138 1397 3194 opera
1419 3124 1515 3177 vestra
1541 3119 1629 3190 hona,
1646 3123 1674 3176 et
1688 3117 1859 3190 glorificent

153 3202 255 3276 angela
270 3203 323 3272 illi,
340 3208 368 3260 et
384 3205 444 3262 bec
459 3208 555 3264 scribe
571 3209 675 3278 augeio
689 3209 743 3265 illi.
756 3213 790 3265 ut
806 3211 871 3267 vide
886 3227 974 3283 quam
1031 3211 1146 3268 Patrem
1161 3217 1290 3268 vestrum
1307 3211 1355 3282 qui
1373 3209 1402 3266 iu
1415 3208 1496 3265 coelis
1512 3213 1556 3266 est
1570 3209 1675 3282 (111111.
1691 3209 1730 3280 ν).
1748 3229 1762 3258 n

155 3431 1324 3464 ————·--—---—---—--..

402 3621 477 3677 ³⁰⁰
505 3623 834 3721 esonoaus
873 3625 938 3720 tu
982 3625 1215 3722 uranon
1251 3623 1600 3722 secunaum.

189 4005 306 4072 Anima,
323 4007 371 4063 eui
385 4007 557 4064 desideranti
581 4010 713 4064 latentem
729 4007 759 4064 in
786 4009 940 4082 scripturis
953 4009 1124 4067 dulcedinem
1151 4009 1268 4066 haurire
1288 4025 1443 4066 concessum
1458 4012 1506 4079 est,
1519 4009 1678 4079 protestatur
1693 4011 1724 4066 in
1736 4009 1866 4067 canticis

156 4099 327 4165 anticorum,
351 4113 412 4153 cunr
436 4097 504 4154 dicit
521 4115 528 4153 :
546 4098 711 4154 Introduxit
728 4115 773 4154 me
788 4115 837 4154 rex
854 4099 880 4155 in
898 4099 1017 4156 cellesis
1038 4116 1092 4155 soa
1107 4099 1195 4170 (Cant.
1213 4099 1242 4170 t).
1258 4101 1327 4154 ltem
1344 4116 1353 4153 .·
1370 4099 1531 4154 introduxit
1553 4115 1599 4154 mc
1624 4115 1672 4154 rex
1698 4098 1726 4154 in
1753 4099 1861 4155 cellum

155 4186 297 4242 vinariam
315 4187 406 4258 (Cant.
423 4187 466 4258 n).
482 4187 579 4243 Neutra
596 4195 691 4244 autern
713 4188 911 4245 adolescentula
934 4191 1014 4259 fider,
1041 4205 1103 4245 ecce
1124 4189 1196 4262 soris
1216 4194 1303 4256 stans,
1324 4196 1354 4244 ut
1374 4187 1449 4244 intus
1466 4190 1548 4259 quasi
1560 4205 1610 4258 per
1629 4191 1747 4261 ecr'puos
1769 4189 1866 4246 clausi

157 4273 267 4329 cellarii
282 4275 397 4330 rimulas
412 4274 594 4346 prospiciens,
609 4293 687 4331 suam
702 4280 835 4332 crescente
848 4277 982 4334 desiderio
1005 4277 1116 4332 anbclot
1144 4278 1278 4348 inopium,
1306 4275 1488 4332 auscultando
1504 4275 1571 4346 qnid
1587 4275 1632 4331 vel
1651 4276 1785 4346 quoraoda
1801 4278 1861 4343 itti,

155 4379 213 4434 pute
225 4362 360 4432 eiusmodi
373 4371 422 4429 est,
434 4379 497 4435 que]
507 4366 567 4436 jam
580 4366 737 4422 introducta
757 4371 805 4434 cst,
832 4368 998 4436 pratuletur,
1015 4378 1040 4422 et
1061 4366 1144 4433 dicat,
1169 4368 1239 4422 siout
1264 4367 1293 4421 in
1319 4367 1451 4438 proescrcti
1473 4366 1616 4438 Scriptura
1632 4365 1764 4421 tertiemus
1781 4382 1788 4420 :
1806 4365 1862 4422 lile

156 4451 232 4506 idem
249 4467 297 4506 rex
313 4457 433 4508 sanctus
448 4461 477 4508 et
490 4469 586 4524 verus,
602 4455 651 4525 qui
668 4455 756 4512 habet
770 4456 880 4512 elevem
900 4456 999 4526 David,
1015 4456 1065 4528 qui
1081 4455 1217 4527 aperitet
1233 4471 1318 4510 nenio
1333 4453 1454 4522 claudit,
1471 4453 1581 4509 claudit
1603 4460 1632 4510 et
1648 4469 1733 4510 nemo
1749 4455 1858 4526 aperit.
1970 4527 1971 4532 ἵ

154 4537 237 4605 llace,
253 4543 354 4611 inquit,
369 4540 433 4596 dedi
450 4559 547 4599 coram
566 4549 592 4598 te
607 4545 716 4600 ostiam
733 4552 866 4617 apertum
883 4547 961 4617 quod
979 4561 1064 4600 nemo
1076 4549 1169 4616 potest
1183 4543 1316 4600 claudere
1331 4545 1421 4616 (lpas.
1444 4544 1493 4614 ιιι).
1512 4543 1592 4612 Quod
1606 4547 1645 4599 est
1659 4543 1750 4599 dicere
1767 4561 1774 4598 ε
1791 4545 1861 4600 Ecce

155 4631 184 4684 irr
199 4629 314 4686 cellaria
329 4647 402 4696 meo,
418 4633 476 4687 siue
492 4631 520 4687 in
536 4633 634 4688 cottion
654 4650 744 4689 meam
755 4634 897 4690 victoriam
909 4633 1056 4690 introduci
1070 4641 1095 4688 ta
1110 4633 1139 4688 in
1155 4637 1250 4704 aperto
1266 4634 1333 4688 ostia
1349 4631 1556 4703 intellipentiu,
1572 4639 1597 4688 st
1613 4631 1727 4688 diuitias
1741 4631 1857 4688 deintus

155 4719 271 4777 isaurios
285 4722 434 4788 sapientise
447 4731 474 4778 et
487 4721 616 4794 scientiae,
633 4739 701 4794 quas
716 4740 758 4779 me
772 4724 824 4779 tibi
838 4725 974 4779 tribuente
987 4722 1086 4779 nullus
1100 4722 1184 4794 possit
1197 4725 1317 4793 auferre.
1333 4726 1422 4792 Quom
1444 4721 1476 4776 ob
1490 4736 1600 4776 retusam
1618 4723 1629 4776 1
1642 4723 1728 4789 quale
1740 4731 1860 4794 propter

155 4809 288 4866 meritum
303 4813 316 4864 i
329 4809 401 4874 Quia
417 4812 572 4881 modicum,
589 4816 692 4886 inquit,
709 4813 798 4868 babes
814 4812 950 4868 virtutem
967 4811 1070 4885 (ibid),
1087 4815 1179 4879 idest,
1195 4815 1333 4882 eprepianr
1348 4816 1422 4867 tenes
1434 4811 1733 4880 aaronititatemmonin
1748 4813 1860 4880 tua,sert

152 4903 180 4955 iu
197 4917 257 4956 mea
274 4903 374 4957 uirtute
388 4899 491 4956 tabens
514 4904 657 4974 fiduciam.
678 4905 705 4959 ls
727 4911 818 4958 autem
838 4904 888 4975 qui
902 4901 962 4958 aare
981 4903 1103 4974 loquitur
1116 4903 1231 4973 capetus
1258 4911 1297 4958 est
1321 4901 1534 4972 Philadelptiee,
1558 4900 1628 4972 arrad
1652 4903 1861 4974 interpretatur

153 4989 318 5046 dilectionis
335 4976 478 5047 fraterne.
495 4992 584 5064 lpitur
597 4992 760 5064 doneesort's
772 4990 921 5061 stantibus,
938 5005 988 5046 rec
1001 4991 1051 5047 itte
1070 4992 1176 5063 aperiat
1198 5007 1248 5045 sua
1263 4989 1344 5055 oraru,
1370 4989 1479 5044 modica
1494 4991 1583 5044 virtus
1605 4989 1738 5058 brrlerda,
1755 4992 1856 5058 idest,

153 5079 301 5138 buorilitas
315 5080 435 5136 tenenda
450 5088 499 5150 est,
517 5089 546 5135 ut
554 5097 608 5152 per
621 5083 776 5152 fraternam
791 5080 962 5137 dilectionem
979 5079 1049 5135 iliud
1062 5095 1172 5151 porum,
1189 5079 1258 5152 quod
1268 5079 1330 5150 jam
1344 5079 1377 5134 de
1400 5077 1451 5133 illa
1468 5077 1613 5134 dulcedine
1633 5081 1817 5150 pustuuiorus,
1830 5081 1859 5136 si

151 5169 219 5244 auid
232 5177 274 5226 est
292 5169 363 5242 quod
377 5175 488 5241 pastore
499 5171 540 5226 vet
550 5169 677 5226 inuenire
687 5171 850 5239 meruimus,
863 5170 978 5227 libenter
990 5167 1187 5240 expendamus,
1199 5185 1274 5240 rpem
1285 5167 1412 5223 troteotos
1423 5168 1451 5222 in
1463 5183 1523 5238 apso
1534 5169 1582 5238 qui
1593 5176 1618 5223 et
1630 5167 1704 5224 olibi
1714 5168 1836 5240 loquitur
1850 5185 1858 5229 t

151 5260 204 5324 Qui
222 5258 337 5330 querit,
354 5258 474 5326 invenit,
490 5263 519 5313 et
536 5257 663 5324 pulsanti
680 5261 827 5329 aperietur
840 5259 945 5332 (natet.
963 5274 1002 5313 sur
1015 5277 1022 5326 ;
1036 5258 1101 5312 Luc.
1117 5258 1165 5326 ur).
1194 5261 1274 5312 Itone
1294 5258 1399 5312 animer
1423 5269 1490 5312 meae
1511 5271 1586 5326 spem
1610 5259 1651 5326 tu,
1672 5259 1859 5329 arcttpreesat

149 5347 298 5415 Frirterioe,
313 5348 356 5404 uir
372 5347 575 5417 illustrissime,
591 5347 712 5404 maxime
726 5349 846 5417 roboras,
863 5349 911 5420 qui
934 5345 1071 5416 opusculis
1086 5347 1152 5399 meis
1166 5362 1221 5400 nan
1248 5349 1384 5415 utcunque
1394 5343 1537 5400 certaretur
1553 5359 1620 5409 esse,
1646 5361 1740 5400 uerum
1768 5347 1856 5402 etium

152 5453 208 5507 prae
224 5437 418 5507 moenitadine
432 5436 626 5494 beneuolentiae
640 5439 767 5494 arridere
774 5437 901 5507 proluisti,
917 5437 992 5492 cetat
1003 5437 1052 5508 qai
1059 5436 1215 5502 interesses,
1232 5440 1424 5508 meareetccum
1437 5433 1566 5490 interesse
1576 5437 1686 5504 putares
1700 5435 1749 5491 illo
1758 5453 1857 5508 maeno

152 5533 233 5594 atque
246 5525 345 5595 festina
357 5529 489 5594 convicio,
506 5526 576 5598 quod
593 5527 727 5583 Abrabam
736 5533 816 5599 pater
830 5529 874 5582 sui
890 5527 981 5592 risus;
999 5541 1007 5592 ;
1030 5531 1118 5598 poter,
1136 5526 1261 5596 inquam,
1275 5525 1357 5596 pueri
1384 5524 1430 5578 sui
1452 5523 1538 5592 lsaoc,
1562 5525 1635 5594 quud
1658 5525 1857 5597 interpretator
