3952 6056
1965 79 1966 168 l

167 234 227 298 aas
717 235 890 300 nursam
911 215 1086 294 suanus
1103 231 1323 296 rurrrsusrs
1814 236 1875 297 rsa

168 367 277 437 partim
290 383 355 423 cum
369 366 417 423 illo
428 371 578 433 venerant,
589 368 696 440 purtim
708 369 847 435 venienti,
857 383 924 425 eum
935 365 997 423 lau·
1011 367 1039 434 Α
1053 363 1159 421 luroris
1176 363 1243 432 mei,
1259 371 1288 423 at
1303 365 1426 423 baculus
1441 365 1505 438 ipse
1519 371 1573 438 est,
1590 367 1619 424 in
1636 383 1743 426 manus
1755 371 1819 442 ejus
1830 372 1876 429 iu·

169 455 256 512 dibus
269 461 297 511 et
310 454 575 529 ramispalmarum
591 457 705 514 obviam
722 459 862 517 exierant.
880 455 994 529 Utergo
1050 453 1181 526 dignatio
1205 469 1272 511 mas
1295 457 1363 527 (iser.
1378 458 1427 524 x);
1454 472 1532 511 nuuc
1554 471 1606 527 per
1629 458 1758 530 seipsum
1784 463 1879 518 laetus
1965 463 1966 488 ³

167 549 262 600 totum
279 546 355 618 quod
371 545 479 602 lactum
491 553 534 602 ast
544 546 707 605 divinitatis
718 549 784 620 ejus
794 546 894 604 virtuti
907 546 994 600 indu·
1049 542 1224 616 proclamat:
1241 547 1290 600 Vns
1305 561 1415 616 magna
1431 545 1552 604 Romani
1568 545 1685 619 imperii
1703 548 1877 623 bestiaeque

167 633 296 690 bitauter
324 634 529 692 ascribendum
555 653 621 693 esse
642 636 781 709 sciamus,
804 637 854 693 illo
879 647 995 708 quoque
1044 631 1877 710 juxtaiianielemcomeditatquecomminuit,etreliqua

168 729 297 793 tempore
308 722 782 799 bacillumlecissetestatur,quo
793 741 897 799 parum
909 728 995 780 notus
1048 720 1171 793 pedibus
1194 721 1375 779 conculcavit
1399 723 1520 795 (Daniel.
1546 726 1605 793 vul.
1637 723 1797 783 Fuuioulus
1827 729 1874 784 ira

167 811 274 877 adhuc,
302 812 382 868 nulla
403 817 523 869 venerat
546 815 634 870 turha
657 816 826 872 comitatus.
857 813 912 870 Sed
932 812 994 884 jam
1048 826 1120 886 mem
1133 809 1289 883 lorumque
1300 811 1478 878 lsrreum,et
1488 813 1766 886 captivandehujus
1777 817 1875 890 gentis

167 899 315 972 Evangelii
331 903 419 956 verbu
428 907 656 974 perscrutemur.
1048 899 1199 956 vinculum
1209 900 1274 973 ipsa
1284 905 1339 960 est.
1355 905 1415 957 Hoc
1424 900 1537 958 malum
1550 903 1766 974 portenditillis
1778 907 1873 963 inian-

206 1011 217 1038 s
233 991 265 1045 lit
281 989 392 1046 invenit
407 991 434 1044 in
451 993 562 1062 templo
578 992 736 1050 vendentes
753 994 956 1049 bovesetoves
967 992 996 1044 et
1047 994 1128 1046 stum
1144 990 1322 1062 prodigium,
1340 991 1417 1063 qnod
1430 990 1657 1049 maximeclsret
1669 1009 1703 1049 ex
1717 995 1873 1067 Evangelio

167 1077 375 1148 columbas,et
396 1080 611 1136 nummularios
635 1083 807 1138 sedentes.»
834 1079 994 1137 Sciendum
1048 1080 1209 1137 secundnm
1226 1080 1874 1158 nucsm.Nam(utillsrsteroingressurus
1965 1111 1966 1154 3

168 1165 247 1238 quie,
257 1166 424 1238 juxtalegis
435 1169 586 1235 mandata,
596 1169 808 1242 augustissimo
819 1169 849 1225 iu
860 1167 996 1224 totoorbe
1047 1168 1076 1223 in
1093 1168 1236 1241 templum
1252 1173 1280 1226 et
1294 1170 1426 1226 lecturus
1440 1170 1496 1226 boe
1511 1171 1639 1244 signum,
1665 1174 1748 1246 prius
1772 1175 1876 1232 videns

167 1256 277 1328 lampio
291 1257 405 1313 Domini
422 1263 451 1314 et
466 1259 502 1314 de
517 1259 632 1315 cunctis
657 1276 729 1331 pauc
754 1258 923 1332 regionibus
941 1257 995 1314 Ju-
1047 1256 1193 1314 oivitatem
1209 1257 1286 1314 llevii
1301 1274 1390 1331 super
1403 1257 1483 1314 illum
1499 1265 1527 1316 et
1543 1260 1658 1317 dixitzs
1677 1262 1750 1330 Quia
1774 1265 1798 1320 sl
1825 1281 1874 1321 co·

167 1346 295 1402 deorum
311 1345 380 1402 illue
392 1348 499 1420 populo
510 1347 686 1417 confluente,
699 1347 927 1406 innumerabiles
938 1346 995 1402 im·
1047 1347 1198 1419 gncvlsses
1212 1352 1241 1402 et
1252 1351 1283 1402 tu
1299 1347 1369 1419 quia
1382 1349 1503 1404 venient
1519 1348 1582 1405 dies
1597 1350 1627 1406 ln
1644 1354 1682 1422 te,
1698 1359 1725 1406 et
1743 1353 1871 1410 circum·

168 1434 471 1507 motabanturuoaua,
481 1437 606 1494 maxime
616 1437 821 1506 lestisdiebus,
829 1441 993 1503 taurorum,
1046 1436 1160 1492 dabunt
1173 1439 1201 1492 te
1216 1435 1327 1492 inimici
1342 1437 1385 1493 tui
1405 1436 1479 1493 vallo
1506 1441 1582 1507 (Lae.
1606 1440 1676 1510 xix),
1688 1461 1703 1489 »
1719 1445 1773 1496 etc.
1800 1443 1873 1498 Cum

167 1524 302 1592 arietum,
316 1527 463 1582 hircorum
473 1546 481 1595 ;
491 1526 994 1600 pauperibus,neabsquessorificio
1046 1539 1115 1595 ergo
1132 1525 1214 1595 prius
1227 1522 1300 1579 illud
1315 1528 1477 1581 extremum
1494 1526 1664 1597 pronuntiat
1676 1528 1832 1599 excidium,
1845 1535 1875 1587 et

166 1619 274 1682 essent,
291 1614 385 1686 pullos
401 1615 606 1673 columbarum
623 1627 649 1673 et
661 1622 791 1674 turtures
803 1617 993 1673 offerentibus
1047 1619 1116 1671 tunc
1131 1617 1167 1672 ad
1183 1615 1340 1686 ejiciendos
1360 1613 1426 1673 illos
1442 1617 1478 1672 da
1492 1619 1577 1673 domo
1591 1617 1681 1674 Patris
1694 1622 1750 1686 sui,
1762 1620 1871 1676 iactum
1965 1665 1966 1682 .

165 1703 256 1775 (Dent.
273 1707 333 1776 xri).
350 1706 509 1762 Accidebat
525 1706 709 1779 plerumque,
727 1707 825 1780 utqui
848 1707 884 1763 de
907 1706 993 1778 longe
1008 1725 1031 1788 Β
1047 1703 1629 1779 dsluuiculisadbibetllagellnm,aperte
1640 1707 1737 1764 innuit
1748 1725 1779 1765 se
1792 1710 1866 1766 iacto

164 1801 314 1859 venerant,
332 1811 389 1850 uon
414 1794 556 1852 baberent
579 1795 724 1853 victimas.
748 1796 993 1868 Excogiisverunt
1049 1795 1225 1868 presignare
1240 1796 1349 1868 ipsum,
1366 1798 1445 1868 quod
1459 1798 1546 1854 verbo
1562 1798 1735 1870 predixerat
1751 1801 1874 1870 malum,
1965 1867 1966 1888 Χ

165 1881 255 1954 igitur
269 1885 435 1940 sacerdotes
451 1885 596 1956 quomodo
614 1886 785 1957 predamde
796 1883 904 1958 populo
915 1884 992 1941 lues·
1049 1885 1129 1956 quod
1144 1889 1173 1942 et
1188 1886 1351 1941 seeundum
1369 1887 1625 1943 naturebumann
1636 1889 1874 1960 compassionem
1965 1889 1966 1926 l

166 1976 240 2040 rent,
257 1977 286 2026 et
300 1971 399 2028 omnia
414 1973 555 2029 animalia
571 1975 679 2046 quibus
694 1991 768 2047 opus
783 1982 844 2030 eret
855 1976 891 2029 ad
902 1974 994 2030 sacri·
1048 1973 1145 2043 dellai,
1155 1974 1645 2045 etseouudumjustamdivinitatis
1655 1992 1874 2034 succensurum
1965 1967 1966 2046 f

125 2060 231 2116 ‹lleie
245 2063 417 2128 vendebant,
435 2069 465 2117 ut
481 2066 510 2118 ei
525 2063 751 2120 venderentncu
763 2063 993 2134 habentibus,st
1048 2067 1187 2120 excercet.
1204 2063 1607 2136 liteongrusvindictu,quia
1619 2065 1765 2137 plectendi
1779 2071 1873 2138 eraut,
1965 2131 1966 2142 χ

162 2147 225 2220 ipsa
240 2166 341 2206 rursus
357 2154 457 2222 empta
472 2151 667 2222 susciperent.
682 2152 762 2209 lianc
779 2152 930 2224 stropham
942 2167 991 2209 eo·
1048 2151 1178 2208 luniculo
1194 2151 1408 2224 prefiguratur.
1424 2157 1499 2211 Nam
1512 2154 1566 2226 ipsi
1580 2153 1675 2225 longis
1687 2159 1874 2226 peccatorum
1965 2169 1966 2178 ¹

163 2254 229 2293 rum
245 2240 346 2296 crebra
361 2240 550 2297 vendentium
566 2241 665 2313 inopia
682 2241 856 2314 dissipabat,
872 2243 923 2312 qul
947 2242 991 2298 in·
1048 2256 1167 2296 suorum
1185 2240 1323 2297 lunioulis
1342 2241 1603 2299 circumdabantur
1618 2242 1708 2312 (Psoi.
1732 2245 1876 2316 cxxxvur).

161 2326 300 2398 digebant
324 2328 505 2400 sumptibus,
529 2334 557 2386 ei
581 2346 639 2385 uon
664 2330 760 2386 solum
796 2331 908 2387 hostias
934 2346 991 2388 uon
1048 2331 1176 2395 Quorum
1191 2329 1343 2401 longitudo
1357 2347 1462 2387 rursus
1475 2331 1877 2388 seeundumldattheumex·

161 2412 329 2483 habebant,
355 2417 405 2472 sed
435 2433 487 2472 uso
513 2418 590 2474 unda
617 2423 749 2474 emerent
773 2418 892 2490 quidem
924 2435 992 2476 aves
1048 2419 1195 2492 primitur.
1211 2419 1283 2474 Nam
1299 2420 1523 2478 eumdixisset:
1541 2441 1556 2472 n
1572 2420 1645 2477 doce
1664 2437 1716 2492 ego
1732 2421 1815 2476 mitto
1837 2422 1875 2478 ad

161 2516 195 2556 ac
220 2498 287 2556 vilia
317 2502 507 2560 munuscula.
537 2508 704 2562 Posuerunt
728 2505 827 2577 itaque
856 2513 886 2562 et
914 2507 991 2564 128
1046 2509 1876 2582 rospropbetascisapientcsetsoribss,etsxillisocci·

162 2588 390 2661 nummularios,
416 2591 465 2662 qui
491 2600 623 2648 mutuam
648 2594 703 2649 sub
730 2594 865 2651 cantione
889 2595 993 2652 darent
1047 2597 1122 2655 detis
1138 2603 1167 2654 ei
1182 2600 1371 2672 crucifigetis,
1387 2604 1416 2657 et
1433 2617 1466 2656 ex
1481 2600 1524 2656 cis
1539 2599 1725 2672 flagellabitis
1738 2599 1767 2656 ln
1788 2615 1877 2671 syna·

162 2678 329 2750 pecuniam.
345 2679 402 2736 Sed
418 2679 486 2751 quia
502 2686 565 2739 erat
575 2682 605 2739 iu
620 2681 682 2756 legs
693 2688 871 2756 preceptum
882 2684 991 2756 (ibid),
1047 2685 1130 2758 gegis
1145 2685 1258 2752 vestris,
1273 2691 1302 2742 et
1319 2685 1535 2759 persequemini
1551 2686 1586 2742 da
1601 2685 1720 2743 civitate
1731 2686 1761 2742 in
1773 2687 1879 2742 eivita-

163 2773 195 2822 ut
216 2783 302 2824 nemo
327 2785 434 2826 usuras
457 2771 612 2843 acciperet,
639 2777 667 2829 et
691 2773 830 2845 prodesse
854 2789 912 2831 non
939 2791 991 2846 po·
1049 2782 1141 2842 tam,»
1154 2775 1252 2831 statim
1265 2774 1379 2830 eddidit
1389 2774 1602 2847 longitudinem
1613 2775 1729 2830 lunium
1739 2774 1876 2843 istorum,

161 2860 238 2912 terat
253 2857 376 2927 pecunia
390 2859 543 2930 faenerato,
560 2877 626 2934 qne
641 2861 788 2920 commodi
804 2863 879 2920 nibil
901 2864 990 2920 baba·
1048 2863 1157 2935 quibus
1172 2862 1432 2920 circumdabantur
1447 2863 1568 2920 dicens:
1587 2887 1597 2914 ι
1615 2863 1653 2920 Ut
1670 2864 1769 2921 veniat
1788 2879 1879 2934 super

163 2949 217 3013 ret,
234 2950 263 3001 et
278 2947 427 3003 interdum
445 2949 518 3005 sorta
530 2950 709 3021 perderetur,
719 2951 954 3023 excogitaverunt
965 2957 994 3008 et
1047 2969 1099 3009 vos
1114 2952 1194 3008 omui
1210 2952 1332 3024 sangnis
1343 2953 1447 3023 justus
1461 2953 1511 3024 qui
1523 2953 1635 3010 effusus
1646 2957 1691 3010 est
1716 2967 1805 3024 snper
1818 2961 1877 3008 ter·

164 3033 251 3090 aliam
266 3042 382 3107 tegnam
394 3036 566 3109 [technam],
582 3043 615 3094 ut
625 3055 677 3111 pro
688 3039 896 3097 nummulariis
907 3041 993 3114 colly·
1050 3057 1122 3112 ram,
1134 3058 1151 3096 a
1165 3041 1308 3115 sanguine
1320 3042 1388 3098 Abel
1399 3043 1408 3114 j
1414 3043 1472 3099 usti
1484 3057 1580 3114 usque
1591 3042 1627 3098 ad
1640 3041 1814 3115 sanguinem
1824 3046 1881 3097 Za-

167 3123 259 3180 bistas
276 3125 411 3182 lacerent.
436 3125 525 3197 Cujus
550 3127 629 3184 verbi
657 3129 866 3201 proprietatem
892 3094 1029 3188 nantuac
1049 3130 1166 3200 charis,
1182 3130 1233 3187 illii
1250 3131 1407 3201 Baraobire,
1423 3147 1510 3202 quam
1530 3131 1680 3188 occidistis
1702 3131 1780 3188 inter
1803 3137 1881 3188 tem-

165 3213 266 3286 lingua
282 3231 339 3270 non
363 3214 508 3287 exprimit.
534 3215 655 3288 collyba
682 3217 822 3274 dicuntur
846 3220 918 3290 apud
944 3235 992 3276 eos
1048 3219 1127 3290 plum
1143 3226 1172 3276 et
1187 3219 1882 3290 altare.Amendicovobis,venientbaecomnis
1965 3215 1966 3268 l

165 3301 990 3377 quasnonappellamustragematavelviliamunuscula:
1047 3325 1137 3380 super
1151 3309 1368 3381 generationem
1395 3309 1483 3366 istem
1509 3310 1613 3381 (Multis.
1641 3309 1760 3382 xxxid.»
1785 3310 1882 3382 igitur

161 3389 240 3444 verbi
257 3395 361 3460 gratia,
379 3390 443 3446 irini
457 3392 559 3448 ciceris
577 3409 759 3466 uvarumque
779 3413 946 3468 passerum,
964 3401 991 3454 ot
1047 3397 1076 3452 in
1097 3397 1217 3469 signum
1234 3403 1321 3470 atque
1337 3402 1506 3470 portentum
1519 3399 1714 3455 miseriarum.

162 3497 250 3553 poma
265 3482 371 3538 diversi
385 3484 512 3554 generis.
529 3485 622 3556 lgitur
636 3487 705 3557 quia
727 3504 833 3544 usuras
859 3489 991 3562 accipere
1082 3508 1096 3536 α
1111 3491 1199 3542 itacio
1223 3487 1259 3543 de
1284 3486 1423 3543 tuniculis
1447 3485 1574 3559 flagello,
1599 3503 1700 3544 ornnes
1725 3486 1811 3559 ejecit
1838 3487 1879 3544 de

164 3586 223 3625 non
238 3574 395 3641 potueruut
409 3572 640 3645 collybistoe,qui
653 3576 808 3647 pecuniam
820 3576 990 3632 foeneraturi
1045 3574 1174 3644 templo;
1200 3591 1268 3632 oves
1287 3592 1403 3647 quoque
1427 3580 1455 3633 et
1476 3577 1575 3645 boves,
1602 3581 1631 3633 et
1660 3575 1877 3632 nummulario·

163 3664 257 3728 erant,
273 3677 324 3732 pro
342 3661 437 3717 usuris
452 3662 636 3734 accipiebant
659 3663 789 3721 diversas
813 3665 934 3738 speeies.
957 3672 991 3724 nt
1045 3679 1110 3718 rum
1127 3663 1230 3719 alludit
1241 3681 1466 3736 semensasnue
1483 3665 1638 3721 subvertit.
1650 3687 1665 3720 a
1676 3664 1739 3721 Non
1751 3679 1877 3732 curans,

163 3748 241 3820 quod
256 3749 286 3806 iu
302 3766 424 3807 nummo
440 3767 498 3807 uon
513 3751 628 3820 licebat,
640 3752 670 3808 in
683 3753 727 3809 bis
738 3754 826 3810 rebus
838 3755 989 3828 exigerent
1044 3751 1069 3806 si
1086 3753 1270 3808 sacerdotum
1285 3752 1525 3809 latrocinantium
1548 3752 1746 3825 populumque
1763 3755 1880 3824 ospra-

160 3838 270 3910 quein
288 3841 418 3896 nummis
433 3846 625 3910 coemuntur;
642 3842 729 3913 quasi
745 3859 802 3898 nou
820 3843 874 3900 boc
888 3845 988 3917 ipsum
1044 3840 1177 3897 dentium
1195 3838 1276 3897 lucre
1292 3843 1430 3911 perirent·

164 3926 295 3984 Ezechiel
311 3930 509 4000 predicaverit
521 3930 623 3987 dicens
639 3948 646 3988 :
663 3953 677 3982 «
695 3930 819 3988 Usuram
836 3937 865 3990 et
886 3949 988 4006 super·
1080 3951 1094 3980 n
1110 3929 1145 3984 lit
1161 3929 1206 3986 bis
1221 3931 1271 4003 qul
1287 3929 1439 3987 columbas
1452 3931 1616 3988 vendebant
1637 3931 1732 3987 dixit:
1755 3930 1877 3988 Aulerte

164 4017 374 4074 abundantiam
392 4035 450 4075 non
465 4018 612 4092 recipietis
627 4021 736 4092 (inscii.
751 4023 842 4094 xviri).
854 4045 868 4074 a
880 4023 990 4080 istius·
1045 4017 1100 4073 5³2⁸
1116 4017 1194 4084 hinsss
1211 4031 1238 4075 ⁰¹
1255 4019 1344 4076 nillil&
1360 4019 1454 4077 ficere
1468 4021 1588 4077 domum
1608 4019 1701 4076 Patris
1725 4021 1794 4089 mei,
1822 4021 1878 4076 do·

163 4107 241 4162 modi
257 4107 400 4164 Dominus
416 4123 538 4164 uernans
551 4109 581 4164 in
592 4109 680 4165 domo
693 4110 784 4167 Patris
804 4112 850 4168 eui
862 4113 990 4184 negotia·
1044 4123 1125 4164 mum
1140 4108 1357 4180 negotiationis.
1370 4128 1387 4161 ι
1402 4109 1436 4164 ut
1447 4107 1503 4165 hoc
1517 4109 1601 4166 valdo
1616 4109 1778 4166 notandum
1795 4112 1878 4180 quod

162 4195 272 4251 tionem
288 4213 337 4252 seu
354 4196 552 4267 latrocinium,
568 4199 987 4272 ardoresprritusconcitatus,
1042 4197 1072 4253 iu
1100 4198 1193 4253 medio
1221 4197 1331 4254 lervore
1364 4197 1567 4267 districtionis,
1594 4199 1623 4254 in
1658 4199 1723 4271 ipsa
1755 4197 1877 4256 bamma

157 4281 986 4360 juxtaquodscriptumestinsexagesimooctavopsalmo
1042 4288 1095 4345 soli
1111 4288 1252 4353 ardentis,
1268 4289 1338 4343 dum
1353 4289 1417 4344 sine
1433 4305 1502 4344 eura
1518 4289 1703 4346 sacerdotum
1719 4288 1875 4344 mercimo-

162 4395 175 4424 «ι
193 4372 279 4428 zelus
299 4373 406 4430 domus
420 4379 477 4430 tuas
493 4376 621 4433 comedit
638 4393 692 4446 me,
710 4399 724 4428 a
736 4379 804 4435 lecit
815 4381 871 4435 sibi
882 4379 983 4452 [lagel-
1043 4378 1092 4433 nia
1106 4377 1232 4450 projicit,
1251 4376 1441 4448 pauperibus,
1456 4377 1568 4434 scilicet
1582 4377 1630 4434 his
1645 4378 1697 4449 qui
1720 4375 1877 4435 columbas

162 4461 223 4518 lum
239 4477 272 4518 ex
283 4461 431 4532 tuniculis,
441 4468 469 4520 et
479 4469 588 4522 tuntum
601 4466 751 4522 bominum
765 4467 986 4525 multitudinem
1002 4459 1026 4524 li
1042 4466 1284 4540 vendebant(nou
1295 4465 1374 4522 enim
1386 4467 1561 4534 divites,ssd
1570 4483 1713 4540 pauperes
1722 4466 1873 4538 ejusmodi

163 4551 274 4621 ejecitc
295 4550 415 4623 templo.
438 4553 498 4610 Hoc
519 4559 614 4626 preter
637 4557 764 4614 exterius
788 4558 897 4615 lactum
923 4574 988 4615 vere
1041 4554 1170 4611 aviculas
1185 4553 1309 4610 vendere
1324 4555 1430 4626 solenti
1442 4554 1746 4627 pauperioribusergo
1762 4555 1877 4626 parcit,

163 4655 304 4714 magnum
319 4645 349 4698 et
363 4643 393 4697 in
409 4644 609 4701 testimonium
623 4660 696 4701 vern
711 4651 739 4702 at
749 4663 872 4703 summe
884 4647 987 4703 divini·
1042 4649 1072 4700 ut
1087 4660 1143 4700 non
1158 4643 1293 4700 exturbet
1307 4643 1460 4700 columbas
1483 4661 1558 4716 ques
1581 4645 1758 4710 vendebant,
1786 4659 1876 4716 quas,

162 4728 231 4784 tatis
246 4728 354 4786 Christi
372 4733 593 4804 predicandum,
607 4731 686 4789 aliud
703 4735 850 4806 portendit
872 4737 988 4792 miseris
1042 4749 1109 4789 cum
1125 4733 1281 4788 exturbate
1297 4731 1472 4800 evolassent,
1487 4733 1545 4805 ipsi
1567 4733 1705 4805 consequi
1720 4749 1778 4790 non
1803 4748 1874 4804 pos·

162 4817 282 4886 iudeis,
299 4835 365 4876 vere
381 4836 520 4893 magnum
536 4825 565 4879 at
581 4823 748 4880 miserabile
772 4823 893 4891 malum,
922 4841 988 4882 vars
1043 4831 1117 4893 seut,
1133 4821 1550 4895 etaliquandodamnoaliecti
1563 4827 1753 4895 angerentur,
1764 4822 1877 4892 acjure

163 4905 332 4976 dolendum,
348 4908 404 4964 nisi
426 4909 528 4966 merito
543 4909 707 4980 accidisset,
724 4915 851 4968 cruente
862 4911 987 4969 civitatis
1043 4914 1238 4988 deplorarent.
1255 4914 1329 4970 illud
1346 4929 1461 4986 quoqne
1477 4931 1535 4970 non
1546 4913 1781 4986 pretereundum
1793 4912 1875 4983 quod

162 4998 190 5050 et
214 4997 359 5067 profanati
385 4998 488 5070 templi
513 5000 671 5066 excidium,
697 5005 848 5073 totumque
871 5002 986 5073 penitus
1041 5020 1110 5060 oum
1126 5004 1156 5059 ln
1172 5002 1420 5078 alioavaugelista
1437 5004 1473 5060 de
1496 5003 1648 5076 Scriptura
1668 5001 1758 5066 dieat,
1775 5001 1873 5072 prole·

161 5084 340 5142 abolendum
356 5087 393 5142 ab
404 5087 495 5144 oculis
506 5089 556 5145 Dei
569 5090 985 5161 presignatvcterissacrillcii
1043 5109 1111 5150 rens
1124 5092 1344 5148 testimonium:
1364 5111 1375 5142 ι
1392 5093 1502 5149 Dontus
1517 5107 1581 5148 mea
1602 5091 1706 5148 domus
1731 5087 1875 5146 orationis

162 5170 263 5229 ritum.
288 5175 364 5241 Quid
389 5177 467 5232 enim
492 5177 642 5234 funiculus
674 5178 722 5236 ille
752 5179 811 5251 agit
837 5179 867 5236 in
898 5198 988 5238 manu
1043 5181 1204 5248 vocabitur,
1215 5185 1373 5237 vosautem
1387 5179 1589 5236 lecistisillam
1602 5179 1773 5252 speluncam
1787 5175 1876 5236 latro-

161 5264 299 5334 potentis,
317 5265 345 5320 in
362 5281 452 5322 manu
467 5265 633 5338 sapientis?
648 5267 716 5339 quid
740 5268 796 5324 nisi
821 5269 987 5328 Romanum
1043 5289 1113 5328 num
1127 5271 1234 5343 (datin.
1248 5287 1315 5339 ως
1331 5272 1385 5326 ise.
1403 5270 1496 5342 avr),·
1515 5269 1562 5325 bic
1582 5269 1670 5326 dicit:
1684 5267 1804 5324 sNolite
1830 5264 1873 5320 la·

162 5353 321 5426 presignat
336 5357 506 5424 exercitum,
522 5355 628 5414 durum
654 5358 690 5413 ad
715 5358 897 5427 caedendum,
925 5362 988 5416 lor·
1042 5377 1106 5416 cere
1129 5361 1249 5415 domum
1277 5360 1370 5414 Patris
1398 5358 1454 5415 mei
1478 5359 1597 5414 domum
1623 5353 1873 5429 negotiationis.»

161 5440 220 5496 tem
236 5443 271 5496 acl
288 5442 439 5516 ligandum
456 5451 485 5502 st
496 5445 792 5518 captivanduleui
805 5447 881 5504 enlm
892 5465 987 5520 quon·
1042 5449 1115 5505 Nam
1130 5447 1201 5503 illud
1219 5446 1292 5503 dixit
1306 5449 1412 5504 scribis
1423 5453 1452 5504 at
1466 5446 1701 5516 Phariseis,sive
1712 5441 1872 5502 sacerdoti·

162 5527 229 5584 dum
254 5545 304 5600 per
328 5533 501 5606 prophetam
526 5536 753 5595 diuersitate
777 5539 878 5606 Assur,
904 5537 987 5611 virga
1043 5539 1109 5606 bus,
1125 5535 1176 5610 qui
1192 5537 1361 5594 reverasnb
1376 5537 1472 5609 specis
1494 5535 1585 5593 divini
1610 5533 1707 5592 cultus
1732 5532 1815 5605 quasi
1840 5529 1873 5586 in
