3980 6046
147 266 207 326 'lvd

686 257 857 322 sechem
877 255 1046 318 tenetls
1069 258 1291 324 TUlTlENSlS

1791 255 1851 314 800

149 402 324 468 perseverunt
353 399 482 451 erornutn
496 395 572 465 (Luc.
589 395 681 460 asur).
700 413 713 442 u
730 391 850 455 Quando
870 395 967 446 nutem
984 391 1008 455 Α
1027 389 1121 446 listcm
1139 391 1384 463 constatiutclligi
1408 391 1544 457 voluisse,
1562 389 1689 461 quicum
1706 387 1848 442 dixisset:

151 479 969 559 paraveruntvelemerunt,munilosliusMnrcusiudieet.

154 599 167 625 «
176 580 204 628 tit
215 591 279 630 eum
293 573 458 640 transisset,
467 570 835 643 inquit,8ubbntum‚lleriu
847 571 963 646 Mugde·

151 663 224 732 lone,
240 669 268 718 et
283 663 372 718 tiaris
386 662 487 718 Jacohi
503 667 532 716 et
547 660 663 717 Salome
684 665 817 717 emerunt
831 663 970 729 aromata,

150 756 182 806 ut
196 753 345 807 venientes
363 755 505 823 ungerent
517 751 617 806 desum
634 751 732 822 (Marc.
749 750 817 823 xm).
833 772 847 801 »
864 750 893 806 Si
909 749 972 822 qui·

151 843 214 895 dem
244 841 380 908 Subbato,
405 839 490 894 utilit
518 839 622 906 Lucas,
652 839 825 909 quieveruut
855 844 971 911 propter

150 929 333 994 nirrndutum,
350 926 615 999 subauditurlegis,
633 927 754 999 qirialex
770 932 848 983 vetat
857 925 969 1000 operari

151 1015 245 1074 ltdeud.
261 1016 317 1086 xx).
345 1015 466 1072 Constat
491 1015 588 1086 itaque
607 1015 671 1086 quin
695 1016 724 1070 in
739 1015 875 1087 lacrymis
902 1030 968 1086 per·

151 1104 252 1176 vigiles
264 1104 567 1176 errroresuimiumque
579 1103 664 1176 longa
673 1104 846 1159 retardantis
854 1103 970 1160 Sebhati

152 1210 232 1248 prora
250 1193 460 1264 t'ntignte,quo
490 1209 541 1248 nec
569 1193 695 1264 operari,
724 1209 776 1248 nec
806 1193 871 1264 plus
891 1193 970 1250 mille

151 1283 288 1356 passibus
304 1284 453 1339 ambulans
466 1283 577 1339 licitum
587 1283 777 1350 eretdudaeis,
791 1289 971 1340 moxutune·

151 1389 251 1428 rosum
268 1372 340 1428 illud
356 1373 514 1429 Sabbatum
525 1372 607 1441 abiit,
617 1373 749 1442 recessit,
764 1373 969 1438 transivitnon

150 1461 332 1532 quieverunt,
350 1479 407 1518 non
425 1463 567 1518 dederunt
582 1461 674 1518 oculis
686 1464 748 1517 suis
761 1479 970 1522 somnumnou

1025 499 1040 530 e
1058 480 1091 534 ut
1103 480 1280 537 valdemaro
1293 498 1351 536 una
1361 479 1556 536 Subbatorum
1568 477 1688 534 veniunt
1698 476 1735 530 ad
1748 491 1852 530 monu-

1025 582 1167 644 mentum,
1185 601 1198 628 »
1215 579 1313 635 stetim
1326 577 1440 634 addidit
1454 577 1530 650 quod
1548 574 1709 632 secundum
1722 573 1850 628 litteram

1025 683 1193 739 repugnans
1209 672 1264 732 est,
1280 690 1294 720 u
1311 672 1373 724 orto
1389 670 1450 737 ,iesu
1468 665 1529 722 sole
1554 665 1645 737 (doro.
1663 665 1731 732 xvi).
1749 685 1764 713 »
1780 663 1852 718 Orto

1025 756 1134 827 quippe
1145 757 1208 828 jam
1224 757 1284 814 sole
1300 773 1358 813 nen
1373 755 1457 812 valde
1473 771 1559 811 mane
1585 760 1639 810 est.
1658 753 1758 821 luitur,
1775 757 1803 807 et
1824 752 1850 805 si

1026 845 1123 901 medin
1139 851 1223 902 nocte
1241 845 1383 902 Dominus
1399 851 1499 901 noster
1523 843 1660 909 surrexit,
1686 857 1786 896 verum
1802 843 1853 894 est

1026 938 1124 990 tumen
1136 936 1215 1006 quod
1230 934 1306 991 Patri
1322 934 1513 1006 respondeus,
1541 936 1572 986 ut
1583 933 1646 1003 jam
1662 929 1773 986 dietum
1791 933 1851 992 est,

1026 1022 1156 1080 diluculo
1169 1039 1298 1096 surgam,
1316 1022 1411 1095 iuquit
1428 1040 1435 1077 t
1452 1043 1466 1071 κ
1483 1019 1609 1076 Veniens
1626 1021 1723 1090 itaque
1737 1016 1855 1072 invenit

1025 1110 1152 1184 lapidem
1172 1112 1321 1168 sublatum
1335 1128 1352 1167 a
1368 1113 1568 1177 monumento,
1585 1131 1599 1159 u
1614 1108 1853 1178 videlicetquem

1025 1199 1146 1272 angelus
1162 1201 1277 1257 Domini
1293 1200 1460 1269 revolveret,
1479 1203 1511 1255 ut
1524 1213 1647 1254 vnouum
1674 1193 1854 1251 mulieribus

1025 1287 1669 1348 venientibusostenderetl'roindecumdicit
1680 1285 1850 1342 Mattheus:

1027 1383 1180 1451 «Vespere
1195 1385 1287 1437 autem
1316 1378 1444 1449 Sehbuti,
1470 1394 1534 1450 que
1558 1377 1680 1433 lucessit
1705 1375 1733 1431 in
1751 1373 1852 1446 prima

1026 1467 1158 1539 Sehbati,
1181 1468 1259 1526 venit
1284 1468 1371 1525 lluria
1401 1466 1570 1540 Magdalene
1595 1470 1624 1521 et
1652 1461 1853 1520 ulteraldaria

149 1550 305 1607 lucilerum
321 1553 354 1608 ed
372 1552 615 1624 profisclcendum
625 1552 794 1624 prestolate
805 1553 969 1609 888suut.

149 1641 267 1696 Noctem
288 1656 337 1711 pro
353 1640 409 1706 die,
425 1639 603 1695 desidorium
629 1640 780 1711 produce,
807 1639 909 1696 lunam
927 1657 969 1697 ra·

1025 1557 1123 1613 videre
1149 1557 1326 1630 sepulcrum,
1342 1561 1371 1614 et
1390 1571 1456 1613 ecoe
1484 1558 1665 1612 terremotus
1692 1553 1785 1608 tactus
1805 1559 1854 1606 est

1027 1661 1161 1718 mugnus,
1179 1645 1300 1718 angelus
1310 1651 1408 1702 autem
1419 1644 1533 1701 Domini
1551 1642 1700 1698 descendit
1715 1642 1750 1696 de
1764 1639 1851 1708 coelo,

150 1747 238 1803 putre
255 1747 304 1800 pro
321 1729 391 1785 sole.
409 1730 492 1785 Luna
507 1729 615 1801 quippe
631 1730 707 1786 nocti
723 1747 781 1786 nou
798 1731 971 1804 deluitquie
985 1756 1009 1822 B
1024 1739 1053 1791 et
1067 1735 1208 1792 accedens
1225 1734 1342 1792 revolvit
1357 1734 1527 1806 lapidem,et
1538 1733 1657 1788 sedehat
1673 1745 1849 1802 supereum

149 1837 207 1876 xvu
223 1820 343 1876 exstitit.
361 1819 491 1892 Septima
505 1819 617 1876 decima
633 1836 698 1876 voro
713 1819 782 1876 luna
798 1821 897 1879 clauso
922 1839 968 1878 ve·
1025 1823 1340 1897 (duttt.xrvu1)‚»sio
1362 1821 1585 1894 intelligendum
1615 1819 1755 1892 estquod
1788 1817 1852 1873 illis

151 1927 234 1980 spere
249 1910 336 1982 paulo
352 1916 429 1981 post,
445 1909 474 1966 id
490 1916 536 1966 est
552 1911 610 1966 lere
635 1915 701 1982 post
717 1911 817 1967 horem
833 1916 863 1968 et
881 1913 969 1969 dimi·
1024 1911 1220 1980 venientibus,
1241 1911 1271 1968 id
1286 1916 1343 1979 est,
1355 1912 1384 1966 in
1400 1911 1446 1966 vie
1462 1909 1652 1982 positisque
1668 1922 1797 1977 vespere,
1812 1915 1846 1959 ut

149 1999 972 2073 diomexsurgit,totideincepslumensuumministrotura
1021 2001 1211 2071 jamdictum
1231 2004 1285 2069 est,
1312 2002 1410 2056 venire
1430 2005 1589 2071 amporam,
1617 1997 1735 2053 iuterim
1769 1996 1847 2051 lacte

150 2090 237 2147 noeti.
249 2089 331 2145 Falso
348 2091 437 2162 igitur
451 2089 571 2162 quidem
587 2090 782 2162 evangelistas
801 2089 971 2146 calumniati
1026 2094 1189 2147 terremotu
1200 2091 1322 2148 surrexit
1335 2091 1484 2158 Dominus,
1497 2087 1637 2144 etdelude
1653 2085 1775 2157 augelus
1789 2086 1843 2139 Do·

149 2183 229 2246 suut,
243 2180 317 2252 quod
329 2181 474 2235 contraria
485 2179 663 2234 dixissentin
676 2195 709 2234 ee
722 2179 799 2250 quod
812 2181 972 2236 Mattheus
1026 2182 1094 2238 mini
1111 2183 1268 2238 revolverat
1282 2181 1451 2253 lapidem,et
1465 2179 1604 2249 deinceps
1620 2175 1849 2250 postquamJ'arn

149 2285 267 2341 vespere
288 2268 435 2335 Sabbati3
461 2269 556 2323 caeteri
582 2267 675 2339 prima
700 2267 818 2324 Snbbeti
843 2268 971 2325 diluculo
1025 2265 1719 2340 vacuumvisumluitmulieribussuperlapidem
1730 2264 1852 2330 sederit,

152 2357 290 2413 mulieres
306 2359 419 2412 venisse
434 2357 572 2412 dixerunt
587 2357 622 2412 ad
648 2363 883 2415 monumentum.
900 2363 971 2416 tlat-
1026 2368 1057 2416 ut
1073 2359 1214 2432 paulntim
1224 2364 1253 2416 et
1266 2377 1323 2417 non
1334 2363 1448 2431 repente
1459 2356 1572 2414 timidis
1582 2355 1734 2411 hominum
1747 2353 1855 2408 menti·

152 2447 246 2502 theos
276 2445 352 2500 enim
384 2450 416 2500 ut
431 2462 529 2501 earum
550 2447 768 2502 commendaret
783 2447 971 2519 desiderium,
1026 2447 1082 2504 bus
1112 2452 1255 2504 restante
1284 2449 1474 2520 ingereretur,
1505 2446 1632 2518 primurn
1656 2441 1790 2515 sepulcro
1820 2447 1851 2498 et

154 2535 271 2607 quande
296 2533 395 2589 venire
409 2540 567 2605 coeperunt,
584 2535 678 2590 caeteri
694 2536 830 2592 dixerunt
854 2537 972 2608 quando
1026 2537 1132 2594 deinde
1146 2536 1260 2609 angelo,
1276 2537 1381 2594 deiude
1396 2536 1458 2592 viso
1475 2535 1612 2590 Domino.

154 2623 353 2695 pervenerint.
1063 2649 1077 2678 α
1093 2627 1320 2697 concurriterge
1331 2627 1366 2682 ad
1378 2625 1527 2681 Simonem
1540 2622 1655 2678 Petrum
1666 2625 1695 2676 et
1707 2621 1742 2676 nd
1754 2619 1849 2675 elium

188 2714 282 2778 Quare
299 2717 396 2767 antem
413 2711 461 2768 hic
480 2712 657 2786 evangelista
682 2731 748 2770 oum
766 2719 864 2786 posset
879 2715 972 2788 prime
1028 2714 1202 2787 discipulum
1220 2731 1307 2788 quem
1322 2715 1440 2771 emebat
1453 2715 1549 2783 lesus,
1566 2717 1594 2768 et
1621 2710 1690 2766 dicit
1704 2708 1745 2766 eis
1764 2725 1771 2763 τ
1789 2709 1850 2764 Tu·

152 2800 271 2858 sabbati
299 2801 406 2870 dicere,
438 2800 539 2858 maluit
566 2803 757 2859 nnaSnbbati
786 2804 892 2870 dicere,
916 2805 973 2862 nisi
1028 2802 1125 2861 lerunt
1139 2805 1296 2861 Dominum
1312 2804 1348 2860 de
1364 2809 1564 2867 monumento,
1580 2803 1609 2856 et
1634 2797 1850 2856 nescimusuhi

153 2896 272 2963 propter
287 2891 465 2962 singularem
482 2895 511 2946 et
525 2891 640 2948 unicam
668 2891 791 2964 gloriam
812 2893 876 2964 ejus
889 2894 974 2951 diei?
1028 2899 1191 2968 posuerunt
1205 2910 1283 2953 eum.
1301 2915 1315 2944 n
1331 2893 1405 2966 Ergo
1420 2891 1585 2948 diluculum
1606 2890 1724 2962 quidem
1739 2887 1851 2944 eunctis

151 2980 201 3036 est
215 2979 293 3036 enim
308 2997 374 3036 vere
389 2979 463 3038 testa
477 2981 550 3044 dies,
567 2997 630 3038 vere
645 2981 729 3054 hesta
745 2981 816 3050 dies,
834 2983 973 3039 nobilitas
1024 2984 1087 3056 jem
1102 2989 1164 3040 eret
1178 2983 1334 3039 animabus
1362 2983 1393 3038 in
1423 2980 1478 3038 elio
1495 2981 1611 3042 seculo,
1631 2983 1660 3034 et
1673 2977 1715 3033 illi
1731 2992 1852 3050 quoque

145 3069 233 3132 enni.
251 3068 358 3125 mensis
383 3070 482 3136 decus,
503 3087 583 3126 arma
607 3070 731 3128 dierum.
757 3071 973 3130 pulchritudine
1028 3074 1133 3131 latroni
1162 3075 1210 3130 eui
1237 3074 1347 3130 dictum
1378 3076 1446 3128 est:
1476 3071 1566 3127 Hodie
1596 3084 1709 3126 mecum
1734 3065 1790 3122 eris
1821 3067 1851 3120 iu

151 3159 240 3230 hujus
256 3159 311 3215 diei
328 3161 482 3231 peredisus
498 3161 636 3227 refloruit,
655 3159 759 3216 ceolum
778 3167 970 3235 purpuratum
1029 3164 1164 3236 paradiso
1191 3161 1409 3233 (hec.rx111),s
1437 3161 1570 3232 jamque,
1601 3162 1632 3213 ut
1657 3158 1698 3212 ait
1723 3159 1850 3223 Marcus,

148 3249 470 3321 est,angelicendidati,
484 3250 617 3305 homines
628 3249 780 3305 exhilarati
794 3252 970 3323 sunt.Hujus
1026 3256 1108 3307 ortus
1123 3255 1186 3306 eret
1198 3249 1252 3317 sol,
1268 3254 1469 3304 verumtamen
1485 3245 1668 3302 venientibus
1690 3245 1725 3298 ad
1744 3258 1852 3297 monu-

148 3337 204 3394 diei
227 3337 321 3409 gratie
336 3337 495 3409 singularis
506 3338 602 3394 verbis
612 3337 751 3410 explicari
764 3341 971 3413 nequitlgitur
1026 3345 1170 3404 mentum,
1187 3354 1243 3394 non
1261 3345 1319 3392 tam
1332 3353 1384 3408 pro
1395 3341 1525 3408 tempore
1539 3335 1747 3401 noctis,verum
1757 3331 1849 3388 etiem

147 3442 207 3480 una
221 3425 342 3481 Sabbati
357 3430 434 3482 recte
448 3429 477 3481 et
488 3427 603 3498 propria
618 3426 691 3482 dixit
707 3443 713 3482 ι
732 3450 746 3476 u
763 3427 969 3500 venitinquit,
1025 3445 1077 3501 pro
1093 3443 1181 3482 sensu
1206 3427 1314 3482 mentis
1333 3425 1460 3482 tenehrae
1478 3428 1573 3480 erant.
1600 3421 1676 3486 Duid
1698 3421 1777 3476 enim
1801 3423 1849 3475 est

148 3515 184 3570 ad
201 3520 435 3570 mouumentum.
451 3536 465 3565 p
478 3515 568 3580 ouum
583 3531 669 3570 mene
685 3517 791 3572 venerit
809 3516 871 3588 ipsa
885 3534 971 3574 even·
1025 3514 1179 3573 obliviovel
1192 3512 1688 3582 ignorantiaveritatis,nistcaecites
1699 3509 1746 3565 vel
1766 3515 1849 3564 tene·

147 3604 253 3675 gelistu
265 3604 368 3675 sperit,
380 3605 490 3660 dicens:
500 3627 513 3656 u
522 3607 591 3661 Cum
604 3607 699 3662 adhuc
708 3607 832 3662 tenebre
843 3614 970 3664 essent.»
1025 3607 1084 3662 bre
1097 3603 1229 3660 mentis?
1244 3605 1275 3660 ln
1284 3607 1397 3659 tantum
1409 3607 1507 3659 eutem
1518 3605 1601 3658 erant
1610 3599 1745 3655 obliviosi
1754 3598 1849 3654 etim-

149 3694 272 3764 SedJnm
284 3692 426 3750 Dominus
437 3700 667 3751 resurrexerat«
678 3695 852 3766 Viditenim,
863 3696 970 3768 inquit,
1026 3710 1170 3750 memores
1185 3693 1337 3748 verborum
1365 3708 1428 3762 quse
1453 3689 1574 3755 dixerat,
1602 3687 1672 3760 quie
1700 3689 1848 3758 oporteret

148 3784 275 3856 lapidem
290 3784 441 3841 sublatum
459 3803 475 3842 n
505 3795 704 3843 monumento.
723 3809 737 3837 p
753 3787 828 3852 Quid
844 3804 912 3861 ergo
926 3794 972 3846 est
1025 3783 1130 3840 Filium
1145 3781 1272 3838 hominis
1287 3781 1430 3851 crucifigi,
1447 3785 1476 3834 et
1490 3778 1537 3834 die
1554 3777 1639 3834 tertis
1654 3791 1806 3848 resurgere
1831 3792 1849 3829 a

149 3874 225 3930 Petri
250 3874 358 3932 dicenti
375 3875 404 3932 iu
434 3873 545 3946 psalmo
562 3892 569 3932 z
587 3898 601 3926 «
619 3877 757 3949 Exsurge,
784 3877 878 3949 gloria
894 3895 969 3950 mea,
1025 3873 1160 3940 mortuis,
1178 3876 1210 3929 ut
1226 3888 1283 3929 nou
1299 3871 1416 3926 invento
1432 3885 1552 3942 corpore
1574 3869 1637 3939 ejus
1653 3866 1726 3922 nihil
1746 3882 1850 3936 snper-

147 3979 282 4036 exsurge,
303 3965 474 4035 psalterium
494 3971 524 4022 et
547 3965 661 4022 cithare
683 3967 770 4032 (Prot.
788 3969 937 4041 uv1,ovu).
955 3989 969 4017 s
1024 3981 1088 4020 esse
1103 3965 1251 4035 putarent,
1268 3961 1326 4018 nisi
1342 3961 1418 4032 quod
1435 3958 1585 4015 sublatum
1603 3959 1705 4014 luerat.
1718 3956 1850 4022 Quidta-

146 4053 306 4109 Confestim
320 4053 481 4126 gloriosum
498 4053 569 4111 illud
585 4071 727 4127 organum
743 4058 847 4123 Patris,
861 4057 972 4112 scilieet
1024 4069 1090 4110 men
1107 4053 1259 4123 sequitur:

147 4159 180 4197 ns
195 4141 336 4198 Dominici
355 4143 482 4200 hominis
497 4145 688 4216 respondens,
703 4166 717 4194 «
733 4145 969 4218 exsurgamdilu-
1060 4163 1074 4192 «
1089 4141 1183 4197 Exivit
1197 4155 1265 4212 erge
1291 4139 1393 4194 Petrus
1421 4143 1450 4192 et
1473 4136 1522 4192 ille
1536 4135 1611 4192 nlius
1627 4135 1802 4207 discipulus,
1818 4142 1850 4192 et

149 4229 249 4295 culm»
262 4231 367 4302 inquit.
381 4231 527 4288 Nenenim
539 4233 702 4290 diluculum
714 4235 750 4289 ad
761 4237 969 4307 resurgendum
1023 4235 1164 4288 venerunt
1176 4230 1212 4285 ad
1224 4232 1458 4284 monumentum.
1470 4227 1631 4282 currebant
1644 4242 1712 4298 ergo
1728 4227 1850 4282 simul.»

148 4323 332 4387 exspectavit.
348 4319 461 4392 Quippe
489 4337 557 4376 oum
585 4322 668 4377 valde
684 4322 814 4380 diluculo
831 4324 967 4380 mulieres
1022 4316 1853 4390 Aliusdiseipulusipseeslloanues.0ui‹lcursusbujus·

147 4407 290 4471 venerint,
306 4413 334 4462 et
348 4411 418 4464 luno
432 4409 573 4465 charitate
585 4412 807 4467 resurrectionis
819 4420 968 4483 preventus
1024 4410 1102 4465 modi
1120 4407 1273 4480 pulchrius
1288 4404 1463 4478 spectaculo,
1479 4406 1502 4460 si
1519 4405 1573 4460 rite
1590 4407 1753 4476 perpendas
1765 4421 1852 4460 even·

147 4493 276 4550 suerunt.
294 4494 369 4559 Quid
384 4511 462 4567 ergo,
476 4497 608 4568 inquom,
626 4503 669 4553 est
684 4500 762 4569 quod
779 4500 830 4569 sit,
843 4522 857 4550 α
870 4517 969 4556 exsur-
983 4496 1007 4560 D
1020 4497 1123 4571 gelista
1136 4495 1280 4552 narrentis
1292 4495 1342 4567 qui
1352 4492 1555 4551 sitsensusvel
1569 4493 1850 4564 intentioNunquid

148 4597 215 4652 gum
232 4581 373 4652 diluculo,
390 4605 405 4634 »
422 4585 479 4640 nisi
495 4586 564 4656 quia
592 4585 757 4642 diluculum
778 4589 914 4659 estquod
932 4591 968 4646 sd
1025 4586 1102 4643 enirn
1120 4584 1281 4656 putandum
1297 4588 1342 4638 est
1358 4584 1435 4655 quod
1463 4582 1511 4637 hic
1532 4580 1599 4638 telis
1614 4583 1665 4653 qui
1679 4586 1740 4637 tem
1752 4583 1847 4638 excel-

150 4676 266 4727 noslros
284 4687 341 4727 non
375 4673 501 4744 pertinet
528 4690 680 4746 corporeos
703 4675 804 4732 oculos
818 4675 832 4730 ‘l
846 4677 875 4732 si
890 4679 968 4732 enim
1024 4675 1116 4734 lenter
1130 4674 1296 4731 coelestibus
1321 4673 1456 4740 intendit,
1481 4671 1573 4727 otium
1599 4672 1705 4728 habere
1720 4673 1850 4743 potuerit

146 4765 242 4816 totum
253 4761 306 4816 hoc
319 4767 434 4831 tempus
447 4779 464 4818 a
476 4765 684 4820 resurrectione
695 4764 810 4819 Domini
822 4781 898 4822 uuus
908 4767 970 4823 dies
1024 4767 1093 4824 telle
1105 4766 1168 4835 jam
1189 4764 1343 4836 diligenter
1356 4762 1502 4818 scribendi
1517 4761 1581 4817 sine
1597 4777 1648 4832 spe
1675 4762 1800 4829 fructus,
1818 4763 1847 4816 id

147 4850 252 4906 salutis
280 4861 334 4917 est,
355 4851 495 4923 propheta
508 4851 622 4909 dicente
639 4869 646 4906 z
662 4874 677 4904 e
693 4853 835 4925 Tempore
851 4860 969 4927 eccepto
1025 4864 1068 4914 est
1081 4855 1278 4928 intelligentie
1294 4851 1455 4924 spiritualis
1469 4851 1586 4923 ligitur
1612 4852 1778 4922 spectaculo
1795 4854 1847 4906 ad-

148 4939 245 4996 audivi
262 4944 299 5008 te,
315 4946 342 4995 el
358 4941 387 4995 iu
404 4940 450 4996 die
474 4941 578 4998 salutis
609 4942 708 5013 adjuvi
724 4947 752 4998 te
766 4945 830 5014 (lca.
849 4947 971 5008 rc1a;ll

148 5029 208 5087 Cor.
224 5031 273 5102 vr),
291 5051 305 5078 »
321 5045 374 5085 cur
387 5046 444 5085 non
460 5030 577 5086 initium
594 5032 732 5104 temporis
745 5031 877 5104 ejusdem
894 5034 969 5090 dilu-

148 5122 207 5176 culi
224 5122 341 5178 nemiue
355 5122 449 5178 valeat
463 5121 612 5195 intelligit
625 5127 698 5195 Ergo
715 5127 840 5180 tenebre
851 5126 969 5197 quidem

148 5213 313 5284 corporales
341 5217 425 5268 erant
440 5214 476 5268 ad
502 5218 738 5284 uionumentum,
754 5216 804 5270 sed
821 5217 931 5272 sanctia
943 5219 972 5271 et

147 5299 247 5356 electis
265 5301 404 5357 omnibus
414 5300 590 5368 diluculum,
602 5303 631 5357 id
646 5307 690 5358 est
701 5302 775 5358 lueis
786 5307 898 5360 aeterne
907 5305 970 5374 jam

147 5395 210 5444 erut
225 5388 354 5458 initium,
370 5391 496 5446 emedio
509 5400 590 5448 nocte
602 5393 718 5464 quando
730 5392 896 5459 surrexit,et
910 5411 973 5463 por-

147 5479 193 5529 tus
205 5476 310 5530 interni
327 5476 394 5533 tulit
410 5479 587 5535 l'ortissimus
602 5481 816 5550 Samson,quod
829 5481 969 5551 iuterpre-

147 5567 225 5617 tatur
236 5565 276 5618 sol
287 5580 381 5620 eorum
393 5565 493 5636 (tudic-
512 5569 574 5639 xvi).
592 5569 674 5632 Quod
692 5567 824 5624 Marcum
847 5585 972 5644 avenge-

1027 4946 1185 5016 missi,iam
1202 4961 1281 5000 nunc
1292 4941 1450 4998 sublevatis
1460 4941 1554 4996 oculis
1565 4939 1744 4996 latissimum
1753 4939 1852 4996 videa-

1027 5051 1094 5092 mus
1113 5049 1249 5105 campum
1266 5032 1356 5102 hujus
1371 5029 1549 5096 seculi,etln
1565 5046 1598 5084 eo
1615 5031 1849 5086 currentesduos

1027 5121 1161 5197 populos,
1178 5123 1227 5193 qui
1243 5124 1313 5176 suut
1324 5118 1417 5175 Judei
1433 5123 1461 5174 et
1475 5124 1587 5189 gentes,
1606 5118 1736 5174 brevium
1752 5118 1848 5190 ipsam

1026 5225 1091 5266 esse
1107 5208 1233 5280 palmam
1249 5205 1439 5276 erneisuunm
1448 5206 1581 5260 Christus
1597 5207 1741 5271 aseendit;
1752 5207 1848 5275 ipsum

1026 5315 1094 5354 vero
1111 5297 1273 5369 principem
1288 5293 1457 5366 spectaculi,
1473 5309 1532 5365 qno
1547 5303 1574 5348 et
1585 5293 1685 5362 judice
1695 5293 1845 5349 dexterum

1028 5387 1156 5459 palmam
1169 5386 1287 5440 victoris
1297 5381 1421 5439 ornabit.
1434 5383 1579 5438 Nimirum
1589 5383 1637 5435 uhi
1650 5383 1784 5438 auditum
1796 5387 1850 5445 est,

1028 5483 1057 5535 et
1071 5478 1099 5533 in
1116 5493 1231 5532 omnem
1249 5483 1354 5533 terram
1372 5474 1418 5530 hic
1435 5490 1525 5529 sonus
1541 5473 1629 5528 exivit
1643 5473 1729 5543 (Psoi.
1755 5474 1847 5540 xviri),

1029 5571 1098 5641 quin
1113 5569 1246 5625 Christus
1263 5565 1420 5622 resurrexit
1435 5581 1452 5620 c
1471 5563 1605 5631 mortuis,
1624 5562 1711 5618 exivit
1724 5562 1851 5635 populus
