3980 6046
106 273 169 336 8⁴9
498 269 700 334 COMMENT.
724 269 765 332 IN
786 268 1075 334 Apodantrsttt.
1099 304 1138 320 -
1160 274 1233 336 tta.
1256 273 1280 348 1,
1303 273 1392 336 CAP.
1415 277 1440 338 Ι.
1755 283 1819 346 850

106 407 342 473 conculcassent,
358 403 485 462 haretici
499 405 758 463 contaminassent.
788 405 863 472 Quid
888 403 932 459 tn·
948 405 972 472 Α
989 402 1043 460 hoo
1058 406 1094 461 ad
1113 407 1157 464 tel
1171 407 1213 464 l'u
1229 411 1344 466 tantum
1357 409 1453 467 crucis
1468 409 1635 484 patibulum
1648 413 1811 474 subeundo.

105 502 205 554 turum
220 503 291 564 erat,
312 494 337 550 ai
361 511 418 552 non
444 496 571 552 stetisset
597 494 627 550 in
650 510 770 566 egressu
794 493 934 550 cretionis
989 509 1054 551 maa
1069 496 1190 568 vestigia
1206 501 1234 553 te
1249 497 1334 569 sequi
1349 497 1453 556 dehere
1468 507 1625 558 memento.
1644 503 1771 575 Proboc,
1784 511 1818 562 ut

106 591 191 642 tauta
204 585 337 655 tantique
362 582 491 640 nominis
519 583 701 640 auctoritas?
724 587 810 641 Recte
832 583 933 656 igitur,
984 585 1048 655 jam
1064 584 1239 656 dictumest,
1253 591 1398 643 exsortem
1411 587 1496 645 illum
1508 594 1622 661 putaret
1633 591 1740 666 aliquis
1751 611 1816 652 sau·

106 676 178 747 quia
195 674 358 730 secundum
375 673 480 746 legem,
494 673 524 730 in
542 690 591 730 ora
617 675 742 731 duorum
767 678 818 730 ant
843 673 933 729 trium
988 677 1100 729 ntorum
1118 681 1279 748 martyrum
1296 675 1496 733 tribulatione.
1513 683 1550 734 at
1564 679 1611 736 illa
1625 682 1744 739 calicem
1761 687 1813 738 tto·

105 765 231 820 testium
250 767 310 819 stat
328 778 415 818 omne
429 762 548 820 verbum
565 764 653 832 (Ceut.
673 764 753 831 xvu),
775 763 858 820 tertio
886 777 932 817 rc·
989 761 1060 820 mini
1075 763 1159 831 bibit,
1175 764 1294 822 calicem
1321 766 1527 836 tribulationis,
1548 770 1633 840 juxta
1656 771 1807 828 veritatem

104 853 232 926 petitum
249 853 295 908 sni
310 851 429 908 titulum
447 853 544 924 posuit
555 852 694 919 ioannes,
711 874 726 903 «
741 851 790 924 qui
803 851 931 908 testimo·
987 852 1240 922 eiusdcmllomini
1252 855 1375 912 dicentis
1386 856 1729 930 duobusitliisZabedasi,
1741 878 1820 934 quo·

105 942 191 998 nium
206 941 355 1016 perhibuit
374 942 469 998 Verbo
498 944 557 1010 Dei,
582 947 611 998 st
635 942 835 998 testimonium
861 941 930 997 Jasu
986 958 1051 998 rum
1068 942 1116 999 hic
1133 961 1210 1000 unus
1226 944 1300 1001 luit:
1316 945 1469 1002 «Potestis
1482 945 1710 1005 hiberecaticem
1723 967 1811 1022 quam

104 1031 215 1089 Christi
230 1047 412 1104 quecunque
426 1032 499 1088 uidit
513 1033 594 1104 (loca
607 1033 677 1104 vm).
696 1053 710 1082 a
986 1046 1039 1103 ego
1054 1032 1201 1090 bibiturus
1212 1050 1279 1090 sum
1289 1034 1303 1091 ‘l
1314 1035 1426 1102 Quibus
1438 1036 1693 1107 respondentibus,
1706 1039 1814 1096 Possu-

45 1166 57 1184 ,
140 1123 178 1179 tta
194 1127 273 1192 ncta,
286 1127 397 1194 quanta
410 1120 473 1178 haec
484 1121 685 1193 ipsehominis
696 1121 855 1178 auctoritas
869 1137 933 1178 san·
987 1136 1063 1188 mus,
1080 1121 1214 1189 Calicem,
1231 1122 1339 1195 inquit,
1355 1140 1452 1180 meum
1473 1124 1579 1180 bibetis
1602 1127 1705 1198 (Mettis.
1722 1131 1777 1198 xx).
1794 1151 1808 1180 o

105 1217 159 1268 clm
171 1212 349 1269 humilitatis
359 1211 452 1284 gratia
464 1211 648 1284 resplendeat
660 1228 687 1268 :a
702 1211 809 1278 Frater,
820 1210 926 1284 inquit,
986 1212 1040 1266 stc.
1058 1208 1180 1266 Ubinam
1197 1209 1331 1268 bibitiets
1342 1211 1423 1268 iilum
1435 1211 1555 1270 calicem
1566 1215 1678 1271 Domini
1691 1215 1705 1270 l
1716 1216 1810 1272 Nimi-

104 1304 203 1358 vester
217 1305 247 1358 et
261 1301 406 1374 particeps
421 1301 451 1357 in
468 1300 667 1370 tribulatione,
684 1304 713 1356 ct
727 1315 816 1372 ragno
831 1305 860 1354 et
878 1315 930 1370 pa·
985 1297 1133 1369 ruminio,
1151 1298 1199 1355 ubi
1210 1301 1297 1370 J'uxla
1311 1301 1514 1373 propheticum
1529 1301 1641 1359 dictum
1662 1304 1810 1362 Simeonis

105 1390 212 1448 tientia
226 1391 304 1448 lesu.
320 1411 334 1441 u
352 1391 467 1446 Poterat
481 1389 558 1446 enim
579 1390 697 1446 dicere:
726 1393 781 1459 itgo
804 1389 931 1444 loannes
982 1389 1066 1460 justi,
1078 1389 1168 1446 beate
1183 1390 1332 1462 genitricis
1341 1391 1542 1461 ejusanimam
1553 1393 1669 1465 gladius
1680 1400 1811 1469 pertran-

104 1478 244 1534 dcctorat
256 1475 415 1551 apostolus,
426 1481 521 1534 vester
531 1477 703 1551 predicator
715 1480 744 1532 et
754 1473 932 1548 avangelista
985 1479 1054 1535 sivit
1068 1477 1142 1550 (huc.
1159 1478 1286 1551 11).Nam
1297 1496 1364 1537 curn
1380 1497 1481 1538 omnes
1491 1481 1636 1553 discipuli,
1648 1483 1747 1540 relicto
1758 1501 1803 1554 eo,

103 1573 213 1636 vester,
229 1567 393 1639 discipulus
409 1565 468 1636 illa,
485 1583 570 1638 quem
586 1566 833 1638 diligebattesus,
845 1565 930 1634 cnjns
986 1568 1141 1641 fugissent,
1156 1569 1211 1626 ista
1224 1568 1810 1643 dilectusdiscipulus,cumMariamatra

104 1657 274 1732 participes,
287 1657 372 1728 cujus
384 1672 433 1713 vos
445 1655 596 1712 meruistis
607 1671 672 1713 esse
682 1655 795 1711 iratres.
811 1655 930 1710 attacta
984 1657 1060 1727 ejus,
1075 1657 1158 1728 iuxta
1173 1673 1289 1716 crucem
1303 1659 1393 1730 stetit,
1410 1663 1439 1716 el
1451 1658 1546 1716 clavos
1559 1676 1701 1717 manuum
1714 1678 1746 1717 an
1758 1677 1810 1733 ps·

104 1746 225 1817 quidem
241 1745 379 1815 dixissct;
396 1745 446 1802 sed
459 1745 505 1800 hic
516 1743 929 1802 locutionismcdusucuadcc
946 1770 969 1834 B
984 1745 1054 1804 dum
1067 1747 1140 1817 ejus,
1159 1747 1289 1804 lanceam
1306 1765 1423 1822 qunque
1439 1749 1633 1822 perforantem
1650 1750 1729 1807 latus
1740 1751 1805 1822 ejus

102 1834 218 1908 parsuli
233 1844 321 1905 esset,
338 1833 452 1907 parvuli
468 1834 546 1903 talis,
557 1833 675 1906 qualem
689 1849 930 1905 unumquemque
983 1835 1047 1909 ipse
1060 1837 1188 1909 inspexit
1201 1838 1290 1910 (loon.
1306 1839 1375 1910 xix).
1400 1837 1463 1895 Illic
1477 1838 1554 1896 enim
1579 1839 1694 1910 gladius
1718 1841 1807 1910 idem,

102 1924 302 1998 apostolorum
319 1925 381 1981 sieri
396 1923 440 1981 uel
456 1939 520 1980 esse
543 1922 635 1980 soluit
660 1924 755 1980 bonus
782 1921 929 1995 Magister,
984 1927 1034 1996 qui
1045 1926 1139 1982 hieriae
1149 1926 1252 1982 matris
1263 1926 1393 1982 animam
1406 1926 1603 1998 pertransivit,
1615 1929 1746 2000 nunquid
1763 1927 1808 1984 di-

102 2031 171 2072 cum
189 2012 298 2072 diceret
312 2031 345 2071 :u
358 2017 450 2070 Amen
466 2013 530 2070 dico
544 2011 639 2076 uobis,
654 2011 710 2068 nisi
722 2012 854 2068 conversi
866 2011 928 2067 sue·
983 2013 1049 2072 lecti
1066 2031 1099 2071 ac
1113 2014 1406 2086 diligentisdiscipuii
1419 2015 1548 2072 animam
1559 2031 1617 2072 nnn
1629 2015 1746 2088 teligit?
1757 2016 1810 2074 Te·

102 2105 178 2172 ritis,
195 2109 223 2161 el
238 2103 404 2162 clfiaiamini
421 2103 499 2160 siout
513 2101 638 2174 parvuli,
653 2118 711 2158 non
727 2100 875 2157 intrabitis
898 2100 928 2156 in
983 2103 1048 2174 tigit
1064 2103 1158 2176 plane,
1174 2103 1398 2160 atilliccalicsm
1409 2103 1647 2175 Dominibiheus,
1661 2104 1808 2162 sicutbla·

103 2210 229 2266 regnum
245 2193 395 2250 coelorum.
411 2193 582 2264 Quicunque
598 2207 667 2263 argo
682 2189 929 2258 humiliaveritse,
983 2191 1044 2261 ria,
1059 2192 1101 2248 sic
1115 2196 1144 2248 et
1158 2191 1291 2248 omnium
1306 2196 1466 2265 martyrum
1479 2191 1585 2249 Christi
1601 2193 1747 2266 particeps
1763 2193 1805 2249 ia·

101 2285 179 2341 sicut
193 2284 332 2356 parvulus
347 2284 411 2350 iste,
427 2281 475 2337 hin
490 2297 615 2353 magnus
629 2281 780 2338 uocabitur
798 2280 827 2335 in
840 2294 928 2352 regno
983 2286 1048 2338 ctus
1064 2285 1109 2338 ast
1122 2280 1153 2338 in
1163 2279 1362 2338 tribulatione.
1373 2281 1521 2355 Particeps
1531 2284 1629 2338 aulem
1641 2283 1810 2354 quicunque

102 2373 244 2430 caelorum
264 2371 375 2445 (motti.
398 2372 487 2442 xum).
502 2393 516 2422 u
541 2370 677 2435 Quanam
702 2373 747 2426 est
769 2368 929 2426 moderatio
983 2375 1027 2428 est
1042 2369 1072 2426 in
1088 2367 1286 2439 tribulatione,
1303 2370 1366 2442 ipse
1380 2385 1497 2442 quoque
1511 2369 1541 2426 in
1556 2386 1644 2444 regnu
1659 2371 1805 2443 particeps

103 2462 165 2518 slve
181 2460 325 2518 modestis
338 2458 503 2532 partulit·
531 2460 642 2525 Quanto
666 2462 808 2529 tempora,
833 2455 929 2528 iuquit
978 2459 1046 2531 jure
1061 2464 1123 2518 est:
1141 2459 1216 2518 illud
1225 2476 1300 2533 quoe
1310 2461 1456 2532 sequitur,
1467 2463 1495 2516 et
1506 2459 1559 2517 hcc
1570 2460 1648 2532 apud
1658 2460 1805 2518 caelestem

103 2549 274 2622 Apostolus,
290 2549 381 2606 heres
396 2549 535 2620 parvulus
545 2552 599 2612 cst,
611 2545 684 2604 nihii
697 2545 793 2602 differt
806 2562 823 2601 a
834 2560 928 2614 servo,
982 2565 1079 2622 regem
1091 2549 1141 2620 jus
1157 2547 1251 2622 legale
1265 2553 1319 2620 est,
1335 2548 1378 2605 ait
1391 2548 1488 2604 anim:
1503 2571 1517 2600 u
1531 2547 1587 2605 Vos
1597 2547 1669 2605 estis
1679 2548 1730 2620 qui
1745 2563 1809 2620 per.

104 2655 174 2696 oum
184 2633 927 2709 sitdominuscmnium(Catot.rv).»lltnosquidam
982 2638 1133 2697 mansistis
1148 2654 1265 2695 meeum
1280 2638 1310 2702 jn
1324 2636 1534 2694 mutationibus
1548 2637 1634 2706 meis,
1646 2640 1737 2710 03030
1748 2636 1809 2694 dis.

104 2743 211 2784 omues
226 2726 443 2798 uostrojudicio
456 2725 532 2784 serui
545 2741 648 2782 sumus
660 2743 667 2793 ς
680 2722 728 2780 hic
739 2722 930 2779 autamloan·
982 2743 1058 2800 pono
1073 2726 1164 2795 vobis,
1178 2725 1258 2783 sicut
1271 2725 1419 2797 disposuit
1434 2725 1508 2782 mihi
1531 2729 1617 2783 Pater
1641 2740 1737 2798 meus,
1762 2741 1809 2782 re-

105 2833 157 2872 nas
172 2815 297 2874 «tilectus
313 2815 429 2872 Domini
444 2814 514 2871 lesu
526 2814 562 2870 de
576 2812 645 2869 filiis
657 2820 713 2882 est,
728 2811 837 2884 quibus
852 2810 929 2866 bona
982 2830 1085 2890 gnum,
1101 2820 1133 2871 ul
1147 2814 1240 2871 edatis
1255 2817 1284 2870 et
1298 2813 1407 2870 bibatis
1421 2829 1510 2885 super
1519 2828 1653 2872 mansam
1669 2814 1806 2870 meamin

104 2905 305 2964 sermonisDei
313 2905 649 2962 haereditastestamento
657 2903 811 2974 legataest.
821 2901 857 2956 At
867 2900 929 2971 ipse
982 2920 1070 2975 regno
1085 2919 1148 2962 mec
1164 2903 1239 2972 (Luc.
1253 2902 1352 2974 xxiii.»
1368 2901 1449 2966 Quod
1465 2901 1490 2962 si
1512 2902 1651 2958 omnibus
1674 2916 1808 2958 commu.

105 2995 143 3052 ab
158 2993 207 3050 illc
223 2994 299 3052 bonu
311 2992 453 3066 magistro
464 2991 605 3049 didicerat
614 2990 700 3048 sehic
710 2988 866 3046 humiliare
877 3003 929 3061 per
983 2994 1058 3050 niter
1071 2993 1154 3059 dixit,
1166 2991 1300 3063 quumvis
1311 2995 1381 3046 tunc
1393 2990 1422 3046 in
1431 2990 1483 3048 ilio
1493 2989 1617 3047 articulo
1630 2989 1752 3063 fugituri
1763 3006 1809 3048 ss·

103 3085 254 3153 virtutem,
271 3083 416 3155 quomodo
432 3082 506 3138 inter
521 3081 663 3148 servulos,
673 3079 734 3136 siva
745 3079 820 3135 inter
831 3094 928 3134 servu·
983 3087 1059 3152 sant,
1075 3086 1103 3138 et
1118 3081 1220 3138 Petrus
1235 3095 1352 3153 quoque
1362 3082 1522 3152 negaturus
1530 3083 1618 3148 asset,
1628 3086 1737 3151 quanto
1750 3095 1809 3135 ms.

101 3175 196 3231 iorum
213 3172 289 3229 lilios
304 3170 441 3228 humiliat
455 3186 487 3227 aa
503 3167 652 3243 parvulus,
668 3166 719 3240 qui
732 3165 871 3240 parvulus
882 3170 927 3223 est
942 3129 964 3198 G
982 3175 1028 3248 gis
1043 3173 1110 3231 huie
1124 3171 1234 3230 dietum
1249 3172 1395 3240 manauit,
1411 3168 1506 3242 quiet
1521 3167 1808 3241 tuncjuxtacrucam

100 3267 287 3337 paretatcm,
298 3263 402 3318 sedens
414 3259 442 3314 in
454 3259 573 3332 pulvere
583 3257 790 3327 cumillis,non
802 3271 928 3312 «amans
979 3264 1071 3334 amita,
1084 3267 1113 3320 et
1131 3260 1270 3333 deinceps
1286 3275 1404 3333 semper
1418 3264 1525 3333 praesto
1541 3259 1608 3315 luit.
1624 3257 1695 3314 Cum
1707 3262 1807 3315 autam

104 3353 216 3425 primos
231 3348 527 3415 recubiiutinssoenivs
538 3363 594 3404 n⁰¹1
606 3346 799 3404 flssluitiifflffl
810 3344 840 3400 5¹1
854 3345 926 3414 loro,
980 3351 1137 3410 dixissetin
1146 3348 1336 3408 tribulatione
1346 3353 1376 3406 et
1385 3364 1486 3422 regno,
1497 3347 1612 3406 addidit
1621 3352 1651 3430 at
1662 3347 1807 3422 patientia

101 3459 159 3498 non
176 3441 286 3514 primas
301 3438 454 3495 cathedras
467 3437 497 3492 in
511 3436 668 3510 synancgis
678 3433 791 3507 (matth.
804 3435 897 3502 xxm).
912 3454 926 3483 a
978 3442 1061 3499 Jesu,
1075 3440 1145 3497 Nam
1159 3443 1187 3496 et
1198 3443 1353 3512 postquam
1363 3437 1508 3511 particeps
1520 3436 1612 3494 luitiu
1624 3436 1675 3494 illa
1685 3436 1809 3494 tributa.

102 3533 190 3588 Rcctc
205 3530 303 3602 igitur,
319 3532 349 3584 et
363 3531 395 3582 ut
409 3525 477 3582 talis
491 3525 619 3596 Magistri
636 3521 815 3596 discipulum
833 3523 926 3591 detti,
980 3527 1629 3601 ticnamorianlis,etragncresnrgsntis,Jesn
1639 3527 1808 3599 patientiam

102 3611 928 3676 nostrovidelicethumiiiumservulornmconsorlioaon-
981 3619 1090 3683 habuit,
1106 3616 1249 3673 imitando
1266 3630 1385 3688 passum
1397 3615 1565 3688 opprobria,
1578 3615 1740 3685 irrisiones,
1755 3632 1806 3671 00.

100 3713 201 3765 tsntus
216 3711 268 3773 cst,
283 3707 384 3762 dicens
399 3721 405 3759 :
422 3726 436 3756 tt
450 3703 642 3774 Cgoloanncs
659 3703 860 3769 iratervcstar,
874 3715 926 3772 ego
979 3707 1093 3778 lophos,
1108 3714 1137 3760 et
1150 3704 1288 3772 verbera;
1305 3704 1348 3759 uti
1361 3701 1441 3760 verbi
1454 3703 1559 3774 gratia,
1570 3705 1688 3774 quando
1703 3707 1732 3758 et
1742 3703 1805 3775 ipae

98 3797 228 3854 ioannes
244 3794 389 3868 particeps
406 3796 510 3850 vester.
524 3791 629 3857 „Quod
639 3790 665 3848 tii
676 3807 766 3846 ciust
779 3789 927 3862 Ρῦβῦῦθῑῦ·
979 3810 1046 3852 cum
1062 3793 1127 3850 aliis
1142 3790 1307 3864 flagellatus
1320 3795 1376 3858 ast,
1387 3790 1463 3847 sicut
1474 3790 1503 3846 in
1515 3791 1595 3847 Actis
1605 3790 1804 3862 apostolorum

98 3893 153 3955 set,
170 3884 311 3941 nimirum
327 3900 385 3940 non
401 3882 575 3939 dubitamus
592 3895 660 3936 eum
675 3879 771 3936 dicere
796 3877 925 3949 poluisse
979 3883 1095 3956 iegitur,
1112 3886 1140 3937 et
1154 3878 1388 3938 aDomitianoin
1400 3879 1722 3937 icruentisoleidolium
1735 3880 1802 3936 mis-

99 3975 176 4048 quod
194 3973 370 4045 meinaimc
381 3973 460 4044 quod
471 3969 614 4026 humilius
625 3974 667 4025 est
680 3985 708 4023 :u
721 3967 925 4038 agoroannes,
980 3971 1083 4042 sus‚ad
1094 3968 1285 4037 ultimum,ab
1296 3967 1804 4040 hominibusseparatusestitsl.u).

100 4081 203 4122 servus
218 4067 323 4119 vester.
342 4083 356 4112 o
372 4061 444 4117 Num
460 4065 489 4116 el
501 4059 555 4115 hoc
580 4059 676 4114 dicere
701 4073 759 4113 nou
782 4054 927 4111 dubitavit
980 4064 1013 4119 ln
1029 4078 1062 4118 00
1078 4075 1196 4133 quoque
1212 4059 1355 4130 particeps
1371 4060 1538 4114 sanctorum
1555 4055 1649 4111 initia
1665 4055 1806 4128 pallentia

100 4155 187 4218 alius,
204 4149 337 4207 videlicet
351 4166 402 4206 vas
417 4147 570 4206 electionis
584 4147 695 4203 Paulus
710 4146 841 4215 ejusdem
856 4144 926 4201 iesu
979 4155 1061 4217 teau,
1076 4151 1146 4222 quia
1160 4151 1238 4204 sicut
1252 4147 1387 4204 Christus
1395 4146 1483 4204 lasus
1495 4145 1639 4218 patienter
1651 4145 1804 4212 sustinuit,

100 4243 207 4300 Christi
221 4238 372 4312 apostotus
385 4255 391 4294 ἒ
404 4241 478 4306 Non,
490 4237 597 4310 inquii,
608 4234 800 4308 ltraedlctmufl
814 4249 927 4290 ⁰⁰⁸ss10·
979 4245 1007 4298 el
1024 4239 1135 4304 orabat,
1151 4237 1249 4294 diceus
1262 4254 1272 4293 .·
1284 4257 1298 4287 u
1309 4239 1395 4293 Pater
1403 4235 1522 4308 ignosce
1531 4233 1592 4290 illic
1604 4234 1671 4306 (tue
1679 4233 1760 4306 xxtu)
1770 4275 1778 4301 ,
1789 4255 1803 4284 a

99 4335 203 4404 tipsos,
219 4331 269 4387 sed
285 4328 443 4386 Dominum
457 4327 558 4384 lasum
574 4326 733 4394 Christum,
749 4341 803 4382 nce
827 4330 925 4382 aulem
979 4330 1021 4385 ita
1035 4332 1064 4384 el
1078 4327 1132 4384 ists
1147 4325 1288 4399 diligabat
1300 4323 1376 4392 iilos,
1392 4325 1443 4398 qui
1458 4324 1484 4380 ei
1497 4323 1760 4390 malainserehant,
1776 4328 1805 4381 ct

99 4437 199 4477 servos
215 4427 327 4476 vestros
343 4433 393 4490 per
407 4417 510 4474 iesum
526 4417 549 4487 (i
566 4414 629 4472 Cor.
644 4413 694 4486 tv).
980 4412 1408 4490 proeisorabat.ttgotttatatis
1419 4411 1460 4469 lui
1472 4411 1804 4485 ininsnia‚inquit,pro·

134 4533 148 4560 «
164 4508 276 4579 Vester,
292 4507 399 4578 inquit,
415 4506 562 4578 particeps
576 4503 606 4560 in
622 4502 848 4572 tribulatione.»
865 4507 926 4560 tta-
941 4495 965 4561 li
981 4511 1045 4582 pter
1058 4507 1179 4563 verbum
1196 4505 1246 4561 Dei
1261 4509 1290 4560 ct
1303 4502 1507 4560 testimonium
1521 4503 1593 4560 issu
1614 4502 1734 4561 Christi.
1751 4503 1801 4560 Hi-

98 4591 925 4672 gnascordismansnetiethumiliscougratulalio.liseur·
980 4597 1071 4655 srprla
1086 4601 1155 4654 nota
1169 4599 1224 4662 est,
1239 4593 1360 4665 scitioet,
1377 4594 1455 4650 hune
1469 4593 1588 4652 beatum
1604 4595 1746 4652 loannem
1772 4594 1803 4650 in

99 4700 157 4748 tem
167 4687 379 4756 tribulationis,
388 4686 448 4744 sive
457 4685 678 4742 tribulationum
687 4688 848 4757 iustorum,
858 4701 926 4758 qno·
980 4687 1117 4743 Pathmos
1127 4684 1226 4741 insula
1240 4685 1411 4756 relegatum,
1423 4687 1543 4756 propter
1551 4683 1671 4739 verbum
1684 4683 1743 4750 Dei,
1755 4683 1802 4738 cul

99 4783 180 4837 nium
198 4780 294 4834 multas
310 4780 392 4845 sunt,
407 4774 515 4848 aliquis
528 4775 612 4831 illum
624 4775 812 4843 existimaret,
830 4789 925 4845 proso
980 4774 1182 4833 testimonium
1198 4771 1441 4845 perhibebat,ch
1457 4772 1534 4844 quod
1551 4771 1725 4844 praedicabat
1736 4773 1803 4826 ante

99 4870 178 4942 quod
193 4869 228 4924 de
244 4867 293 4923 illo
307 4865 338 4921 in
353 4863 509 4937 Evangelio
523 4862 566 4920 sic
581 4861 722 4934 scriplum
739 4867 783 4917 ast
796 4878 802 4916 :
817 4883 831 4912 α
849 4863 923 4920 Con·
980 4863 1080 4919 omnis
1095 4859 1203 4918 secula
1219 4860 1254 4917 de
1268 4860 1353 4916 corda
1366 4859 1456 4930 patris
1470 4863 1579 4927 uatum,
1593 4862 1622 4915 et
1632 4861 1749 4930 propter
1761 4861 1805 4912 te·

98 4959 310 5016 versusPetrus
321 4955 395 5011 vidit
405 4953 488 5009 iilum
500 4952 678 5025 discipulum
689 4967 775 5024 quem
786 4950 926 5024 diligebat
980 4949 1151 5008 stimonium
1165 4950 1233 5006 iesu
1245 4947 1363 5017 Christi,
1376 4963 1433 5019 quo
1444 4946 1728 5004 testificabaturaum
1740 4960 1805 5000 esse

96 5051 113 5107 J
118 5064 185 5106 esus
197 5051 380 5121 sequentem,
394 5048 423 5100 el
435 5045 507 5100 dicit
517 5043 552 5100 de
562 5060 595 5099 eo
606 5060 614 5099 :
625 5042 754 5111 Domine,
768 5042 816 5099 hio
827 5048 924 5100 aulem
980 5042 1098 5096 verbum
1120 5042 1313 5095 incarnatum.
1331 5041 1541 5109 Interpretatur
1556 5041 1652 5093 autem
1664 5035 1806 5091 Pslhmos

98 5138 168 5212 quid
182 5138 197 5195 ‘l
211 5137 285 5193 Dicit
296 5135 322 5193 ei
335 5135 423 5192 lesus
438 5150 445 5189 ι
461 5133 509 5190 Sic
525 5149 592 5189 eum
607 5131 672 5188 scic
690 5148 818 5201 manera,
834 5132 925 5190 donec
978 5133 1096 5204 fretum,
1113 5129 1203 5185 iervet
1218 5128 1296 5184 enim
1312 5125 1370 5183 illio
1386 5142 1466 5182 mare
1480 5125 1620 5199 amplius,
1636 5141 1670 5183 ec
1681 5125 1757 5197 quod
1770 5125 1807 5181 sit

96 5228 226 5296 veniam,
242 5226 307 5298 quid
325 5225 361 5280 ad
377 5227 406 5280 te
419 5221 433 5278 ‘l
447 5228 488 5279 Tu
508 5238 550 5277 me
573 5237 693 5292 sequare
716 5221 807 5292 (Joun.
823 5222 892 5294 xm).
910 5243 924 5271 a
979 5225 1150 5292 angustum.
1167 5216 1230 5274 illic
1245 5214 1401 5282 exsulanti,
1417 5214 1464 5271 cui
1479 5215 1642 5287 negabatur
1653 5219 1740 5282 terra,
1756 5231 1808 5270 cm-

98 5327 141 5374 An
156 5317 180 5373 si
192 5317 301 5372 diceret
312 5331 318 5370 :
329 5313 390 5370 Non
403 5329 470 5368 eum
481 5328 531 5384 per
542 5311 708 5383 passionem
721 5309 852 5383 martyrii
864 5310 926 5366 volo
979 5311 1041 5367 ium
1057 5315 1192 5383 apertum
1204 5313 1257 5366 est.
1272 5305 1445 5380 Exemplum
1454 5321 1522 5378 ergo
1533 5311 1576 5362 ast
1588 5307 1726 5364 omnibus
1738 5323 1806 5364 ean·

100 5402 312 5471 consummari,
321 5397 925 5472 sadabequevioientiapersecutionisdiem
979 5400 1043 5466 ctis,
1052 5399 1129 5473 quod
1140 5402 1249 5470 quanto
1263 5395 1358 5465 magis
1369 5395 1398 5449 in
1409 5395 1483 5450 irato
1495 5395 1751 5466 prasentissaeauli
1763 5397 1805 5451 ai·

99 5498 269 5566 exspectare
285 5489 489 5560 novissimum,
506 5488 624 5561 quando
640 5488 701 5558 ipse
714 5488 840 5556 veniens,
857 5503 923 5544 eum
978 5489 1223 5562 higuntur,tanto
1238 5483 1363 5556 amplius
1374 5484 1433 5540 illis
1448 5486 1698 5578 sacretacmleslia
1709 5487 1804 5544 mani-

98 5587 132 5642 in
147 5587 260 5639 aeterne
275 5579 464 5638 beatitudinis
479 5577 630 5634 mansione
646 5575 794 5650 recipiam.
809 5577 843 5632 Et
853 5577 923 5648 quid
979 5581 1131 5636 testantur.
