3992 6048
161 238 219 301 703
712 231 885 297 serenat
907 227 1074 290 ABBA'I'IS
1095 227 1318 292 'l'UlPlENSIS
1805 228 1870 287 ⁷04

161 372 333 428 mandatum
349 371 396 440 do,
411 357 490 443 prior
505 369 567 440 ipse
583 367 692 426 iaciens
708 369 785 441 qaod
804 366 904 439 iubeo,
921 364 1021 432 ros-A
1037 379 1093 418 nus
1117 379 1217 420 omnes
1241 362 1394 437 petitiones
1421 364 1498 430 tuas,
1524 365 1552 418 et
1578 365 1682 418 cetera
1707 377 1800 433 usque
1826 360 1869 416 ad

165 477 221 534 que
236 460 266 516 in
282 459 381 528 finem,
397 459 426 515 id
447 462 501 524 eet,
526 474 622 530 usqne
645 457 680 513 ad
702 461 825 513 mortem
848 453 985 527 diligens,
1039 451 1125 508 sanem
1140 451 1263 526 [psalmi.
1284 453 1375 525 igitar
1394 451 1514 528 pupillis
1539 453 1601 509 suis
1627 469 1724 508 coram
1750 452 1869 524 positis,
1981 505 1982 514 ,

164 567 229 607 ecce
244 549 272 604 in
289 547 448 604 aracrucis
464 547 570 618 rogabo
595 547 706 604 Patrem
730 562 839 615 meam,
866 559 933 601 ecce
956 543 986 598 in
1039 557 1166 614 sponsus
1181 542 1711 614 istecontinueaaierandns,tutcrem
1723 557 1866 614 magnum

163 639 209 695 die
225 635 370 710 passionis
386 652 468 707 mes,
485 660 499 688 ιι
517 653 616 709 preces
638 636 927 709 supplicationesque
949 631 986 688 ad
1040 630 1194 702 previdens
1204 636 1254 696 :et
1266 649 1330 704 ego,
1342 633 1449 704 inquit,
1464 631 1570 704 rogabo
1581 631 1695 688 Patrem
1711 647 1819 698 meum,
1834 635 1867 686 et

161 746 228 786 eum
251 730 301 801 qui
324 745 371 786 me
395 729 509 785 salvum
534 730 626 786 iacere
650 728 772 801 possita
788 729 893 792 morte,
918 740 985 780 cum
1041 719 1088 775 illc
1104 738 1159 790 me,
1177 725 1210 778 ut
1225 721 1314 780 isaias
1330 723 1414 793 dixit,
1432 741 1482 796 pra
1508 721 1774 794 transgressoribus
1797 737 1868 777 exc·

162 816 566 875 clamorevalidaacmnltis
588 816 914 887 lacrymlsolleram,ct
939 829 986 868 ex·
1041 817 1152 866 nantem
1179 813 1243 885 (lca.
1271 814 1340 885 arn),
1370 819 1400 870 ut
1432 831 1489 870 nen
1530 816 1660 886 pereant,
1694 810 1867 878 exaudiens,

162 909 327 964 audiendus
344 925 409 964 sum
426 925 477 981 pre
495 925 559 964 mea
574 907 740 964 reverentia
754 906 851 978 (debr.
865 905 903 976 ιι).
917 925 931 954 ιι
946 903 989 959 lta
1046 899 1535 972 «aliumParacletumdabtrvabis‚
1545 906 1577 957 ut
1588 905 1705 958 maneat
1716 899 1870 956 uobiscum

163 999 428 1070 roganchatrem,
440 996 737 1068 sicutaithilippus,
750 994 924 1052 «ostendam
936 1007 988 1048 ve·
1045 989 1075 1046 in
1091 995 1244 1058 eternam,
1261 995 1292 1046 ut
1307 993 1448 1063 perducat
1462 1009 1512 1048 vos
1528 993 1562 1048 ad
1580 990 1737 1046 videndam
1752 993 1868 1044 Patrem

165 1085 221 1142 bis.
239 1107 254 1136 ιι
270 1087 396 1156 Petram,
412 1087 543 1158 inquam,
558 1086 587 1141 in
605 1085 716 1156 meipsa
737 1089 765 1139 et
787 1083 932 1155 meipsum
957 1079 987 1134 in
1042 1078 1114 1136 iacis
1130 1080 1295 1151 adfaciem,
1313 1086 1344 1137 ut
1360 1083 1497 1139 ostendat
1512 1081 1595 1138 vebis
1612 1082 1641 1136 in
1655 1079 1725 1135 Pilio
1738 1080 1867 1144 Patrem,

166 1178 252 1231 Patre
263 1189 328 1230 meo
344 1175 495 1230 ostendam
513 1173 605 1230 vobis.
621 1173 712 1245 CuJ'us
724 1170 899 1229 ostensionis
912 1170 989 1242 prin·
1042 1177 1069 1226 et
1085 1168 1192 1225 Filium
1208 1169 1237 1226 in
1256 1171 1338 1228 Patre
1355 1175 1534 1240 mouentem,
1546 1177 1574 1228 et
1589 1172 1651 1242 ipse
1666 1169 1695 1225 in
1711 1167 1793 1224 vebis
1806 1185 1868 1222 rna-

165 1262 514 1338 cipiumhccerit,quia
538 1263 662 1320 Pateret
689 1261 779 1318 sliam
805 1259 988 1318 Paracletum
1043 1275 1127 1328 nens,
1143 1275 1329 1316 commanere
1355 1261 1462 1317 iaciant
1491 1261 1567 1316 intra
1590 1277 1641 1316 vos
1666 1257 1822 1332 gloriosam
1839 1263 1872 1314 et
1981 1305 1982 1312 ,

165 1352 245 1410 dabit
263 1352 356 1423 vobis,
375 1352 488 1410 seilicet
515 1352 657 1426 Spiritum
680 1350 853 1408 veritatis.»
880 1348 990 1404 Erratis
1043 1353 1181 1406 aeternam
1200 1349 1295 1406 Patris
1320 1355 1348 1405 et
1371 1349 1446 1419 Filii,
1472 1367 1617 1424 suamque
1640 1348 1869 1423 inseparabilem

165 1443 417 1500 animnoscientes
429 1443 606 1516 Scripturas,
619 1443 689 1498 dum
702 1440 897 1513 optatisquod
908 1439 990 1495 vobis
1043 1442 1072 1494 et
1088 1454 1175 1495 unam
1194 1439 1392 1510 majestatem.
1411 1440 1558 1513 Sequitur,
1572 1445 1601 1496 et
1620 1440 1690 1497 dicit
1707 1441 1742 1496 dc
1765 1439 1868 1496 ecdem

167 1549 223 1589 non
238 1533 364 1604 expedit,
389 1531 526 1589 videlieet
550 1537 582 1587 ut
610 1547 668 1588 non
690 1531 814 1597 vadam,
839 1534 866 1586 et
892 1532 990 1586 tamen
1044 1527 1191 1584 Paracletc
1205 1529 1337 1586 veritatis
1353 1529 1469 1602 spiritu.
1502 1577 1504 1580 .

169 1623 290 1679 dicitis:
306 1622 430 1678 Ostende
445 1621 839 1694 nebiePatrem,ignorantee
850 1619 990 1694 parietem
1082 1642 1096 1670 ιι
1112 1621 1203 1687 Quem
1220 1621 1350 1676 mandas
1365 1637 1423 1677 aon
1438 1625 1535 1693 petest
1549 1621 1691 1694 accipere,
1716 1619 1785 1691 quia
1809 1636 1866 1674 noa

171 1709 279 1782 (tiphos.
293 1709 323 1783 ιι)
339 1710 560 1766 inimicitiarum
573 1715 650 1766 stare
665 1711 741 1766 inter
755 1715 845 1766 Deum
857 1706 991 1765 ethcmi-
1047 1707 1120 1764 vidit
1134 1724 1214 1776 eum,
1230 1709 1352 1766 acescit
1375 1725 1454 1766 eum.
1479 1709 1538 1767 Vas
1563 1713 1662 1770 autem
1685 1708 1872 1782 cognoscetis

171 1815 234 1868 nee,
248 1815 305 1855 ncn
318 1799 404 1855 aliter
417 1798 601 1866 solvendum,
614 1797 672 1854 nisi
685 1799 861 1870 egcvadam,
874 1795 996 1869 nisiago
1009 1769 1034 1836 Β
1049 1813 1129 1868 eum,
1145 1797 1214 1872 quia
1226 1799 1304 1870 apud
1321 1815 1372 1856 vos
1397 1798 1537 1868 manebit,
1564 1803 1593 1855 οι
1617 1797 1647 1854 in
1669 1799 1750 1855 uobis
1775 1797 1838 1854 erit.
1858 1819 1873 1848 ιι

170 1888 403 1960 perpessionem
419 1887 520 1944 mortis
538 1891 684 1944 transeam
700 1904 734 1943 ex
750 1889 804 1944 hcc
825 1887 934 1944 mundo
959 1886 994 1941 ad
1047 1885 1187 1944 Mundum
1203 1886 1250 1942 hie
1268 1887 1396 1960 appellat
1411 1892 1555 1945 amatores
1570 1888 1682 1944 mundi.
1702 1891 1796 1957 Quare
1820 1905 1875 1942 au-

169 1977 295 2033 Patrem.
317 1978 361 2034 Me
377 1994 445 2050 ergo
474 1983 606 2051 regante,
633 1983 662 2034 et
686 1978 830 2050 meipsum
856 1977 886 2034 in
911 1992 997 2033 cruce
1046 1980 1106 2032 tem
1123 1973 1304 2051 paracletum
1322 1977 1400 2032 hanc
1416 1977 1551 2049 spiritam
1567 1977 1699 2033 veritatis
1723 1993 1780 2032 non
1806 1993 1874 2048 pos·

171 2067 347 2124 sacrificium
364 2068 511 2132 ctlerente,
533 2068 583 2124 fiet
596 2073 629 2124 ut
644 2067 758 2124 Patrem
773 2066 928 2124 estendam
947 2081 999 2122 ro-
1048 2069 1120 2121 sant
1130 2065 1262 2138 accipere
1272 2066 1418 2122 immundi
1430 2069 1576 2124 amatores
1588 2065 1711 2121 mundi?
1724 2065 1874 2132 tiidelicet,

172 2156 228 2226 bis,
245 2160 274 2212 et
285 2156 334 2213 illc
349 2172 395 2213 me
410 2165 571 2230 assumpto,
587 2157 728 2225 vobisque
753 2173 804 2228 per
833 2155 996 2212 absentiam
1048 2155 1119 2226 quia
1135 2153 1365 2212 consolationem
1382 2173 1466 2212 suam
1484 2155 1601 2222 habent,
1613 2155 1749 2229 quianon
1762 2154 1873 2228 lugent,

173 2247 301 2318 corperis
315 2246 424 2316 ablato,
439 2246 529 2303 alium
546 2245 732 2302 Paracletum
748 2250 795 2302 det
808 2243 999 2316 vobis,Spiri·
1050 2242 1169 2315 quiade
1185 2243 1311 2316 peccatis
1327 2246 1401 2316 suis,
1417 2261 1544 2316 querum
1559 2245 1607 2301 hic
1633 2244 1800 2301 Paracletus
1829 2260 1876 2300 re·

173 2339 234 2394 tum
260 2337 401 2399 veritatis,
417 2337 576 2392 Paracletus
587 2336 694 2404 Gracc,
721 2334 823 2391 Latine
845 2335 1000 2392 consolator
1051 2333 1159 2389 missor
1173 2337 1226 2396 est,
1244 2351 1302 2390 nnn
1319 2333 1429 2390 delent.
1446 2333 1605 2392 paraclesis
1621 2350 1759 2407 namque,
1776 2334 1875 2401 idest,

174 2426 292 2482 dicitur.
310 2425 420 2482 Idcirco
437 2429 534 2480 eutem
552 2423 600 2480 hic
623 2423 751 2495 Spiritus
774 2423 906 2480 veritatis
926 2431 1000 2480 recta
1052 2421 1211 2478 consolatio
1227 2423 1425 2494 gaudentibus
1440 2423 1609 2496 importuna
1632 2427 1660 2480 ct
1682 2438 1872 2495 supervacua.
1981 2479 1982 2496 ,

174 2514 338 2570 Paracletus
369 2512 413 2569 vel
446 2512 746 2580 consolatordicitur‚
774 2513 843 2585 quis
867 2512 1001 2569 videlicet
1055 2511 1205 2585 igiturest
1220 2512 1402 2570 amatoribus
1417 2512 1722 2586 mundihajus,«qui
1737 2511 1876 2568 letantur
1981 2583 1982 2592 ἵ

171 2601 415 2674 tilicsspanside
432 2601 593 2671 marte,ch
618 2601 751 2658 absentia
773 2601 877 2669 Patris,
899 2617 1000 2658 conac-
1053 2618 1120 2657 cum
1138 2600 1346 2669 malefecerint,
1365 2607 1393 2658 et
1408 2601 1555 2659 exsultant
1569 2601 1599 2657 ιιι
1625 2601 1714 2658 rebus
1739 2599 1877 2674 pessimis

172 2688 251 2747 latur
265 2707 330 2748 vere
345 2690 561 2762 Scripturarum
577 2707 677 2762 senaa,
689 2690 810 2748 dicenda
827 2691 903 2762 quod
917 2706 1001 2762 oper·
1054 2693 1145 2764 (Prcu.
1162 2691 1205 2764 11),
1223 2711 1235 2744 ιι
1254 2709 1312 2746 non
1327 2692 1415 2748 detur
1429 2691 1596 2748 Paracletus
1610 2690 1668 2762 hic,
1693 2692 1743 2748 ecd
1768 2690 1809 2747 eis
1825 2691 1878 2763 qui

174 2779 231 2836 tuit
246 2779 304 2852 pati
320 2780 479 2850 Christum,
504 2784 531 2836 et
553 2795 705 2852 resurgere
729 2797 745 2836 a
770 2779 893 2837 mortuis
916 2779 1003 2836 tertia
1055 2780 1190 2854 lugentes
1205 2782 1327 2839 dicunt:
1344 2805 1359 2834 ιι
1381 2782 1431 2840 liei
1447 2782 1601 2855 mihiquia
1625 2780 1770 2838 incolatus
1794 2797 1878 2838 meus

174 2869 231 2938 die,
247 2875 275 2927 et
288 2870 439 2943 predicari
460 2870 490 2926 in
520 2870 635 2928 nemine
659 2872 724 2942 ejus
748 2869 950 2942 poenitentiam
976 2875 1005 2926 et
1056 2869 1247 2945 prolongatae
1263 2876 1318 2944 eet,
1333 2870 1463 2930 habitavi
1478 2889 1546 2929 aum
1562 2872 1879 2938 habitantibusCedar,

172 2960 376 3018 remissionem
396 2965 582 3033 peccatorum
598 2960 681 3033 (luc.
698 2960 775 3032 xxix)
799 2961 860 3026 Ouo
886 2959 1006 3017 nemine
1057 2961 1184 3017 multum
1200 2961 1294 3018 incola
1310 2961 1366 3018 init
1377 2961 1551 3020 animamea
1562 2961 1648 3034 (Psal.
1661 2977 1747 3031 carn).
1760 2983 1774 3011 ιι
1787 2961 1879 3017 ltcm:
1981 2977 1982 2982 ¹

174 3067 322 3123 nusquam
338 3057 403 3108 ante
419 3050 472 3106 bac
489 3049 653 3123 appellatus
669 3050 822 3119 invenitor,
839 3049 909 3122 quia
920 3047 1000 3105 vidc-
1057 3072 1072 3101 ιι
1089 3051 1217 3107 Fuerunt
1232 3050 1305 3107 mihi
1320 3047 1453 3126 lacryma
1469 3067 1541 3108 mem
1556 3068 1647 3124 panes
1662 3051 1708 3108 die
1724 3067 1757 3107 ac
1782 3055 1880 3118 necte,

172 3138 398 3211 licet,quamvis
413 3140 559 3196 veteribus
577 3141 687 3196 sanctie
702 3144 731 3196 et
746 3139 819 3213 ipsis
845 3144 912 3197 ante
928 3155 995 3212 pas·
1012 3123 1034 3190 C
1054 3140 1125 3196 dum
1152 3139 1259 3196 dicitur
1282 3139 1355 3195 mihi
1377 3139 1519 3213 quotidie,
1543 3139 1595 3196 ubi
1620 3143 1664 3197 est
1695 3141 1770 3196 Deus
1804 3145 1876 3195 tuus

172 3229 285 3287 sionem
300 3227 408 3285 Christi
426 3228 565 3298 apostulis
581 3229 667 3284 datus
684 3229 781 3299 tuerit,
797 3245 854 3284 noa
879 3227 921 3284 sie
946 3226 998 3284 ulli
1052 3229 1137 3301 (Psct.
1155 3228 1223 3301 aar),
1235 3250 1249 3279 ιι
1260 3233 1289 3284 et
1301 3229 1348 3284 his
1360 3227 1477 3285 similia.
1490 3231 1591 3301 ltaque
1602 3227 1781 3286 Paracletum
1795 3228 1875 3285 hune

172 3319 347 3381 deluserat,
374 3320 405 3372 ut
426 3316 545 3372 deberet
568 3315 710 3389 appellari
738 3315 922 3385 Paracletus,
948 3333 1001 3374 nec
1052 3341 1067 3370 ιι
1084 3319 1214 3375 mundas
1238 3335 1297 3375 non
1320 3323 1417 3391 petest
1441 3319 1609 3392 accipere.»
1638 3319 1781 3384 Quareir
1806 3319 1877 3391 quia

172 3406 252 3463 enim
277 3407 307 3462 in
339 3404 544 3461 remissionem
569 3409 753 3477 peccatorum
780 3407 872 3462 iuerat
900 3407 998 3478 datas,
1053 3424 1111 3464 nce
1126 3407 1198 3463 vidit
1212 3423 1279 3464 eum
1295 3423 1348 3464 nec
1363 3408 1419 3464 scit
1433 3423 1512 3464 eum.
1527 3430 1541 3458 ιι
1555 3408 1636 3473 Quod
1650 3425 1706 3464 nen
1719 3408 1800 3474 vidit,
1812 3407 1880 3464 inir-

175 3499 333 3567 antequam
346 3493 560 3566 glorificaretur
572 3493 668 3551 desae.
679 3499 710 3550 in
726 3511 759 3550 eo
770 3495 877 3568 quippe
887 3499 1002 3551 tctacst
1053 3495 1178 3552 delitatis
1190 3500 1245 3564 est,
1262 3496 1341 3569 quad
1352 3497 1445 3553 nescit
1457 3497 1687 3570 eum‚superbire
1698 3501 1752 3554 est.
1765 3497 1877 3553 inlide-

175 3582 337 3639 consolatio
360 3582 513 3651 Paraclati,
538 3581 607 3653 qnia
630 3581 742 3638 luctum
773 3583 928 3654 antiquum
950 3598 1001 3655 per
1053 3585 1144 3643 litatis
1160 3602 1287 3659 namque
1302 3591 1358 3657 est,
1375 3603 1432 3642 non
1456 3587 1601 3659 respicere
1616 3587 1658 3644 rel
1680 3604 1736 3644 non
1762 3603 1879 3657 curare,

175 3673 290 3728 'sacrum
307 3671 454 3744 passionis
469 3671 576 3728 Christi
601 3670 753 3744 abstergit,
776 3673 847 3728 dum
878 3673 914 3728 de
939 3671 1000 3728 Dec
1054 3674 1110 3730 nisi
1126 3675 1283 3747 presentia
1298 3692 1364 3748 qum
1375 3675 1521 3745 videntur,
1533 3675 1820 3734 etinillisintentam
1834 3681 1880 3733 vel

175 3762 324 3834 Patreper
349 3765 474 3818 mertem
506 3759 570 3816 Pilil
593 3759 639 3817 sui
663 3762 789 3833 propitio
814 3761 900 3831 iacto,
929 3779 1001 3820 aava
1053 3765 1881 3838 contentumease,utnoacogiteteternaquaacnvi-

176 3851 395 3924 regeneratione
411 3853 447 3908 de
467 3851 535 3907 tiliis
552 3852 611 3920 ira,
629 3851 704 3908 filios
719 3852 814 3908 reddit
834 3852 933 3926 gratie
945 3872 953 3924 ;
965 3853 1001 3908 dc
1053 3853 1169 3910 dentur.
1185 3855 1256 3910 ltem
1273 3854 1417 3926 superbies
1432 3863 1485 3922 est,
1502 3855 1659 3922 conscire,
1682 3856 1711 3912 id
1735 3859 1789 3922 est,
1818 3873 1878 3912 non

175 3942 266 3998 servis
283 3943 403 4014 peccati,
420 3942 498 3998 tilica
519 3942 662 4013 justitiae3
691 3942 728 3997 de
751 3941 819 3998 tiliis
845 3942 949 3998 mortis
973 3945 1001 3999 et
1053 3943 1214 4015 approbare
1228 3942 1317 4000 talem
1333 3942 1526 4012 Paracletum,
1541 3944 1601 4000 ime
1616 3949 1645 4000 et
1658 3944 1745 4000 vitam
1761 3962 1876 4016 eorum,

175 4031 356 4104 perditionis,
372 4030 448 4086 illias
462 4031 528 4086 vitas
544 4035 572 4086 et
593 4029 803 4102 acquisitionis.
820 4031 931 4086 listune
956 4031 1000 4086 di·
1053 4033 1103 4104 qui
1118 4032 1336 4089 consolationes
1350 4034 1413 4104 ejus
1430 4032 1599 4105 exquirunt,
1623 4034 1768 4089 aestimare
1795 4034 1877 4088 insn-

175 4123 289 4177 cimus:
314 4144 329 4171 ιι
354 4121 385 4176 ln
411 4123 605 4176 convertendo
638 4118 777 4176 Dominus
802 4121 999 4192 captivitatem
1054 4119 1632 4191 niam,etllnemillcrumsinehonore
1663 4120 1792 4194 (Saga).
1819 4125 1878 4177 Vos

173 4210 253 4280 Sion,
270 4209 337 4265 sacti
353 4225 456 4266 aumas
472 4209 547 4266 sicut
563 4207 715 4278 consolati,
731 4214 759 4264 et
774 4215 880 4266 extunc
905 4209 999 4282 reple·
1053 4214 1164 4280 antem,
1180 4209 1288 4282 inquit,
1304 4211 1354 4282 qui
1370 4211 1480 4266 mundo
1496 4210 1652 4284 gaudente,
1669 4211 1737 4267 inde
1758 4211 1879 4284 ploratis

174 4304 239 4353 tam
253 4302 297 4354 est
311 4298 418 4370 gaudia
431 4315 463 4354 oe
488 4301 632 4363 nestrum,
648 4303 677 4354 et
699 4297 800 4372 lingua
826 4303 927 4355 nostra
952 4316 998 4355 ax·
1053 4301 1082 4355 et
1098 4299 1172 4355 iletis
1189 4301 1266 4357 unde
1276 4300 1385 4372 gaudet
1400 4298 1459 4368 ille,
1475 4321 1487 4352 ι
1501 4317 1563 4370 vas,
1574 4299 1707 4371 inquam,
1719 4317 1881 4374 cognosce-

176 4385 333 4442 sultaticne
346 4387 431 4456 (Paci.
450 4385 545 4458 erar).
566 4407 580 4437 ιι
596 4385 776 4459 Principium
802 4386 893 4460 igitur
917 4389 1001 4446 nabis
1053 4389 1177 4445 tiseum.
1188 4410 1203 4439 ιι
1213 4389 1247 4444 nt
1258 4389 1526 4462 undeeogncscetia
1536 4404 1603 4445 enm
1616 4389 1706 4461 iquia
1717 4391 1814 4461 »apud
1826 4406 1880 4447 vos

176 4475 290 4531 Patrem
306 4475 478 4546 ostendendi
494 4474 646 4547 paraclesis
661 4480 705 4531 est
722 4475 847 4547 Spiritus
858 4477 952 4532 sancti
969 4478 998 4533 in
1014 4472 1037 4537 ll
1055 4478 1195 4546 manebit,
1208 4483 1236 4534 et
1251 4479 1280 4534 ia
1296 4477 1379 4534 vebis
1394 4478 1459 4534 erit.
1481 4499 1495 4530 ιι
1520 4477 1640 4534 Duabus
1654 4479 1750 4535 medis
1770 4495 1877 4552 appre-

177 4566 379 4623 remissicnem
403 4571 588 4639 peccatorum
610 4568 682 4636 dati,
708 4583 743 4623 ex
773 4585 831 4640 qua
864 4585 1000 4625 summus
1054 4566 1217 4640 pinquabit,
1232 4567 1300 4638 quia
1315 4567 1477 4637 paraclesin
1497 4583 1591 4638 suem,
1604 4567 1715 4624 scilicet
1729 4568 1880 4625 remissic-

177 4655 307 4714 Pontifex
323 4660 431 4729 noster,
444 4655 494 4729 qui
511 4657 572 4714 hec
587 4656 728 4729 loquitur,
746 4674 796 4729 per
819 4675 906 4716 suum
932 4675 999 4716 saa·
1056 4672 1122 4712 nem
1139 4655 1501 4727 peccaterumviaibilibns
1512 4657 1661 4728 operanda
1673 4659 1880 4728 sacrementis,

176 4747 296 4822 gainem
314 4749 348 4804 ad
365 4749 527 4822 rogandam
544 4753 658 4806 Patrem
675 4748 705 4804 in
718 4752 1000 4806 sanctasanctorum
1055 4745 1132 4817 apud
1149 4761 1200 4801 vos
1216 4745 1356 4814 manebit,
1381 4745 1480 4818 idest,
1506 4762 1657 4819 nunqnam
1682 4745 1881 4804 eeclesiastico

175 4837 327 4906 introiens,
350 4841 486 4894 aternam
511 4835 742 4909 redemptionem
768 4837 879 4894 invenit
907 4839 999 4910 (iletre,
1056 4835 1209 4890 conventui
1225 4834 1327 4903 deerit,
1343 4839 1372 4890 et
1387 4834 1528 4907 privatam
1543 4835 1586 4891 vel
1604 4834 1752 4907 propriam
1781 4833 1880 4892 inlun-

176 4925 227 5000 ιιι).
244 4928 337 4993 Quam
353 4927 418 4997 eJas
434 4929 549 4998 rogatu,
564 4925 651 4998 longe
664 4929 733 4982 ante
748 4927 893 4998 Propheta
914 4927 1001 5000 spiri·
1057 4923 1152 4980 dendo
1167 4923 1304 4996 gratiam,
1321 4925 1350 4980 in
1366 4925 1448 4982 vobis
1463 4924 1527 4991 erit,
1539 4929 1568 4981 et
1582 4925 1607 4979 si
1623 4941 1681 4980 nan
1697 4940 1881 4997 semperma-

176 5015 249 5072 taali
273 5014 357 5072 caula
383 5015 511 5082 intuens,
538 5014 696 5070 affectuosa
722 5014 930 5086 imprecatione
960 5031 1001 5072 src
1057 5011 1149 5078 nebit,
1166 5011 1235 5083 quia
1245 5011 1377 5069 videlicet
1391 5013 1617 5086 preterenmde
1628 5029 1685 5085 quo
1696 5012 1876 5070 dictumest:

176 5103 235 5160 ait:
251 5126 266 5155 ιι
289 5103 432 5160 Exaudiet
456 5107 483 5159 te
508 5101 650 5158 Dominus
674 5103 703 5158 in
723 5104 770 5160 die
793 5099 1001 5171 tribulationis,
1060 5105 1281 5173 «superquam
1302 5101 1408 5158 videris
1435 5102 1578 5174 Spiritum
1604 5101 1827 5159 descendentem
1851 5106 1879 5157 et

176 5195 309 5266 protegat
326 5197 353 5249 te
370 5208 476 5248 namen
494 5191 541 5246 Dei
556 5190 658 5248 iacob.
675 5191 769 5248 Mittet
785 5192 838 5247 tibi
863 5190 1003 5249 auxilium
1059 5196 1223 5249 manentem
1241 5209 1331 5265 saper
1344 5210 1408 5250 enm
1423 5196 1511 5264 (ioco.
1528 5197 1560 5266 r),
1579 5215 1593 5244 ιι
1609 5200 1808 5266 preteream,
1834 5193 1879 5246 in·

176 5283 212 5338 de
227 5286 328 5338 sancta
344 5289 370 5336 et
385 5281 420 5336 da
435 5279 504 5335 Sion
520 5284 636 5336 tueatur
656 5284 694 5336 te.
712 5280 822 5336 Memor
845 5281 883 5335 sit
907 5282 1003 5338 omnis
1058 5299 1157 5354 qaam,
1171 5283 1197 5336 in
1215 5281 1294 5338 nullo
1309 5298 1424 5354 semper
1437 5288 1547 5349 maaet,
1558 5283 1609 5340 sed
1621 5299 1833 5354 nonnunquam
1848 5280 1882 5336 de

179 5370 386 5437 sacritlciitui,
414 5373 441 5426 et
465 5369 670 5425 holacaustum
697 5373 781 5424 tuum
809 5369 917 5442 pingue
942 5371 1001 5427 liat.
1058 5373 1405 5443 suaquamlibetsanctu
1422 5373 1574 5430 mensione
1594 5388 1626 5428 se
1650 5371 1806 5437 subtrahit,
1832 5369 1881 5426 ite·

178 5458 299 5514 Tribuat
315 5457 366 5513 tibi
381 5459 543 5514 secundum
560 5475 608 5514 cor
633 5465 728 5526 tuum,
745 5463 774 5514 et
796 5475 882 5514 amne
905 5461 1004 5516 cansi-
1059 5477 1184 5533 rumque
1199 5461 1328 5518 oratione
1352 5460 1395 5518 vel
1423 5461 1474 5518 Dei
1499 5461 1585 5518 laude
1612 5461 1752 5518 inritatus
1777 5461 1879 5517 reddit.

179 5545 251 5599 lirim
268 5550 351 5600 taum
368 5547 521 5601 confirmet
542 5548 626 5616 (Psoi.
643 5547 711 5619 xrs).
728 5567 742 5596 ιι
759 5547 881 5618 Impleat
906 5549 1004 5605 Domi·
1058 5549 1140 5616 Quod
1151 5564 1218 5606 cum
1229 5565 1263 5606 ex
1274 5548 1374 5606 multis
1385 5547 1718 5621 liquidcccnstctsacrae
1730 5547 1882 5622 Scriptura
