3980 6046
168 326 228 388 ste
714 326 887 394 RUPERTI
908 329 1076 393 senatis
1097 331 1321 396 TUITtuttsts
1813 328 1878 388 820

168 461 225 519 rati
240 464 320 531 sunt,
337 458 549 534 quieridelicet
560 475 663 520 omnes
674 461 769 534 electi,
784 463 919 536 quamvis
931 463 987 522 im-
1002 465 1030 533 A
1045 467 1214 538 prandendo
1227 462 1596 542 regnaro,nisiipsunr,qui
1606 462 1774 536 angelornm
1787 461 1875 520 cibus

169 567 253 624 pares
268 549 392 621 meritis,
408 565 511 607 omues
526 554 624 608 tumen
641 553 740 626 magui
759 557 839 624 suot,
855 558 883 610 ει
895 559 993 612 certus
1046 561 1101 626 est,
1118 557 1148 614 in
1164 573 1251 630 quern
1268 555 1438 614 desiderant
1460 551 1555 627 angeli
1581 551 1749 625 prospicere
1773 569 1871 624 regem

168 655 270 698 eorum
286 655 427 696 numerus
443 639 520 710 apud
535 644 638 712 Deum,
652 642 759 715 quippe
771 642 820 715 qui
836 642 872 699 ab
882 643 994 717 origine
1046 643 1144 718 gloria
1159 647 1185 714 (t
1194 647 1273 701 Petr.
1289 659 1319 712 ις
1335 644 1351 698 i
1361 644 1443 700 loco.
1460 641 1504 714 ιιι)
1509 683 1518 712 ,
1529 640 1603 698 lacte
1613 642 1648 698 ad
1662 639 1763 699 taciem
1775 641 1802 712 (ι
1812 640 1876 698 Cor.

169 733 271 794 mundi
295 733 458 791 secundum
475 733 657 806 propositum
673 733 768 791 vocati
794 737 864 792 suut
886 735 992 793 sancti.
1045 733 1119 806 arri),
1135 733 1214 790 sieut
1228 737 1273 790 εει
1287 732 1393 790 videre.
1411 729 1655 802 Undepropbeta,
1668 745 1735 787 cnm
1748 729 1874 786 dixisset

168 822 700 897 Quomodoenimcertusapudipsum
710 840 766 881 non
776 827 994 884 essetnumerus
1046 822 1082 878 de
1097 821 1228 892 bomine,
1244 822 1274 878 io
1287 821 1411 894 justitiis
1426 818 1605 885 ambulante,
1619 825 1648 876 et
1661 821 1812 876 veritatem
1828 817 1875 874 lo·

169 931 283 985 eorum,
299 930 374 986 quos
389 912 545 988 prescivit.
571 931 645 988 quos
667 914 893 988 predestinavit,
919 932 993 988 quos
1046 916 1200 984 poenicu
1225 911 1312 969 Panis
1337 911 1362 968 oi
1386 912 1471 968 datus
1495 913 1549 979 εει,
1574 927 1657 982 uque
1682 910 1747 982 ejus
1770 907 1875 966 lldeles

166 1003 293 1072 vocarit,
309 1019 383 1076 quos
395 1001 576 1074 justilloavit,
592 1020 665 1076 quos
677 1003 895 1078 magnificavit?
906 1006 993 1062 l’orro
1047 1004 1117 1058 eunt
1133 1001 1195 1074 (iro.
1212 1001 1326 1074 xxxiii),
1343 1000 1427 1075 quasi
1442 1015 1597 1072 quereres,
1613 999 1711 1072 quatis
1735 998 1819 1071 panis
1842 996 1872 1054 ei

168 1092 231 1166 ipse
245 1090 373 1165 piscium
390 1107 530 1150 numerus
546 1092 613 1149 talis
628 1091 768 1150 divinitus
784 1093 918 1166 provisus
937 1099 992 1162 est,
1046 1090 1132 1148 alatne
1148 1093 1204 1162 εει,
1220 1089 1265 1148 vel
1276 1089 1378 1164 quales
1389 1092 1560 1162 squcsunt,
1572 1089 1669 1146 statim
1682 1088 1874 1144 subsecutus.

170 1180 993 1255 quinonuncioliinitcconlentus,sedtribusooutinuie
1047 1203 1061 1230 a
1078 1183 1197 1252 Regem,
1222 1179 1333 1252 inquit,
1358 1179 1389 1236 in
1412 1177 1517 1237 decore
1544 1193 1597 1236 suo
1625 1177 1768 1235 videbunt
1793 1176 1875 1234 oculi

167 1270 325 1342 limitibus,
336 1270 448 1329 scilicet
458 1271 600 1340 centenis,
611 1273 729 1341 deceno,
743 1278 770 1330 et
781 1272 919 1346 singulari
932 1275 992 1332 dis·
1046 1270 1111 1342 ejus
1126 1269 1228 1343 (ibid).
1243 1291 1258 1320 o
1275 1269 1400 1327 Proinde
1415 1267 1554 1327 continuo
1569 1267 1782 1341 subjungitur:

167 1361 282 1434 positus
301 1361 349 1418 sit.
372 1362 440 1428 Quae
459 1361 596 1419 uidelicet
620 1361 774 1434 dispositio
798 1362 992 1421 arithmeticis
1082 1357 1878 1431 atttnemoaudebatdiscumbentiumlol,dicentium]

167 1459 235 1509 note
251 1454 305 1509 εει.
322 1451 380 1508 Cur
393 1449 459 1520 hoc,
476 1449 532 1508 ulei
548 1451 616 1524 quia
631 1451 776 1521 homines,
792 1453 922 1526 quoslsti
931 1455 991 1527 pis·
1046 1449 1223 1522 interrogare
1237 1465 1304 1506 eum
1318 1465 1325 1505 ε
1341 1453 1383 1506 'l'u
1400 1447 1448 1521 qui
1473 1464 1515 1518 ee,
1541 1447 1666 1505 scientos
1692 1447 1760 1520 quin
1783 1449 1876 1504 iesus

168 1556 218 1598 ces
231 1540 411 1613 significant,
424 1556 482 1597 uon
492 1539 633 1597 omncein
643 1541 745 1598 eodem
757 1541 909 1599 ordinerel
922 1560 992 1616 pro·
1045 1543 1099 1595 est.
1114 1561 1129 1590 a
1144 1543 1225 1596 Tunc
1240 1539 1358 1612 quidem
1374 1555 1430 1596 non
1441 1538 1600 1605 audebant,
1610 1537 1751 1595 etintenti
1761 1536 1874 1594 solum·

167 1627 273 1700 posito,
289 1628 339 1685 sed
357 1627 481 1685 diversis
496 1628 661 1699 ordinibus,
677 1628 746 1688 licet
760 1629 790 1686 in
806 1631 907 1687 cadem
924 1631 990 1699 fide,
1045 1627 1179 1685 modoad
1196 1627 1370 1685 intuendum
1394 1626 1437 1684 vel
1462 1627 1654 1697 audiendum,
1677 1625 1870 1683 reverentiam

168 1717 300 1774 distincti
313 1715 774 1792 suntilliinemqucoonjngeli,
785 1719 834 1776 ulii
845 1719 935 1790 vidui,
947 1720 992 1777 vel
1044 1718 1235 1791 prestabant,
1252 1717 1370 1791 quando
1386 1721 1484 1774 autem
1500 1717 1536 1774 ad
1553 1715 1624 1774 illud
1640 1720 1782 1774 eternum
1800 1731 1874 1771 suos

168 1807 351 1865 continentes
365 1810 445 1878 sunt,
462 1807 512 1864 alii
528 1808 616 1865 uitam
632 1807 791 1882 virgineam
812 1809 932 1868 ducunt.
957 1811 992 1868 Et
1010 1833 1034 1898 B
1049 1824 1151 1865 omnes
1167 1807 1331 1865 invitaverit
1345 1807 1523 1875 convivium,
1536 1807 1598 1878 jam
1616 1823 1689 1880 opus
1707 1823 1764 1863 noo
1779 1803 1874 1862 habc-

171 1896 201 1953 in
216 1895 318 1953 laxiori
333 1895 454 1971 quidem
470 1897 571 1954 ordine
588 1897 629 1955 rel
646 1899 795 1972 proposito
810 1899 919 1971 plurcs,
944 1901 996 1958 sed
1049 1898 1124 1954 bunt
1137 1920 1152 1949 «
1169 1897 1347 1972 interrogare
1362 1914 1440 1967 eum,
1454 1897 1581 1956 scientes
1592 1897 1662 1972 quis
1674 1896 1762 1954 Jesus
1775 1897 1841 1963 est;
1859 1915 1875 1945 a

170 1985 271 2042 minus
285 1984 414 2042 valentes
429 1985 459 2042 in
470 1985 568 2043 artiori
580 1987 797 2059 pauciores‚sed
809 1989 996 2062 pretiosiores
1049 1985 1184 2056 scientes,
1201 1986 1335 2060 inquam,
1351 1991 1380 2044 ει
1403 1987 1530 2060 perlecto
1553 1991 1770 2059 cognoscentes,
1795 1983 1874 2056 quod

169 2076 250 2131 sunt.
267 2073 344 2130 Nam
361 2073 485 2146 etjnxtu
500 2075 669 2148 parabolam
684 2076 859 2135 seminantis
870 2077 995 2136 centesi—
1049 2077 1135 2134 modo
1150 2092 1186 2134 ex
1201 2081 1282 2150 perte
1297 2081 1487 2151 cognoscunt.
1504 2075 1671 2148 Scriptores
1692 2074 1823 2148 legentes
1844 2075 1876 2130 et

169 2178 237 2220 mus
253 2163 365 2220 tructus
382 2163 564 2236 pauciorum,
575 2164 605 2221 id
619 2171 664 2224 εει
679 2165 823 2238 virginum
840 2171 894 2240 oet,
911 2166 995 2224 trice·
1049 2172 1184 2225 sanctum
1198 2167 1327 2226 scientia
1338 2167 1479 2241 Spiritum
1492 2165 1687 2237 consulentes,
1701 2167 1791 2223 donec
1802 2185 1817 2216 a
1828 2181 1875 2222 re-

169 2251 272 2312 nerius
284 2250 425 2326 plurium,
443 2252 471 2310 id
489 2257 534 2310 εει
548 2255 782 2327 conjugatorum,
799 2257 996 2330 sexagesimus
1049 2256 1110 2313 nint
1124 2258 1199 2330 quod
1216 2257 1374 2331 perlectum
1390 2262 1445 2327 est,
1456 2262 1484 2314 et
1495 2255 1779 2330 evacuaturquodex
1789 2259 1874 2328 parte

169 2341 343 2413 mediorum,
369 2341 398 2399 id
424 2345 479 2410 εει,
504 2343 718 2402 continentium
743 2344 803 2402 sive
827 2345 994 2404 viduarum.
1049 2349 1093 2403 eet
1109 2345 1132 2420 (l
1157 2347 1218 2404 dor.
1243 2347 1316 2420 rara).
1342 2369 1410 2399 »-e
1437 2347 1471 2404 lit
1494 2347 1573 2404 venit
1596 2347 1692 2415 lesus,
1715 2349 1744 2401 et
1766 2343 1878 2416 accipit

168 2429 272 2504 Igitur,
287 2430 403 2504 siquod
420 2429 535 2502 melius,
553 2433 655 2505 utiam
670 2433 783 2491 dictum
802 2435 994 2494 esturitbme-
1048 2451 1165 2510 panem,
1190 2439 1218 2493 et
1239 2435 1290 2493 dat
1313 2437 1375 2494 eis:
1391 2437 1426 2494 lit
1449 2436 1559 2510 piscem
1587 2433 1763 2492 similiter.»
1789 2431 1875 2489 Unde

168 2517 219 2574 tici
235 2523 380 2576 noverant
396 2520 504 2586 unitus,
520 2537 583 2594 quoe
597 2520 627 2577 in
646 2531 778 2593 centeno,
794 2529 823 2581 et
841 2523 996 2597 quinarius
1048 2524 1127 2582 venit
1142 2522 1185 2582 vel
1199 2541 1256 2599 quo
1271 2526 1359 2596 venit,
1372 2530 1405 2583 ut
1415 2542 1521 2600 panem
1531 2529 1560 2583 et
1569 2525 1679 2598 piscem
1692 2521 1878 2580 ministraret

171 2608 266 2682 quiin
282 2608 401 2679 deceno,
417 2612 565 2668 ternarius
585 2628 700 2685 quoque
725 2613 773 2686 qui
798 2613 828 2670 in
852 2613 996 2689 singulari
1048 2613 1128 2671 illisi
1142 2613 1201 2672 Hoc
1217 2617 1303 2688 pitane
1316 2617 1480 2673 secundum
1491 2615 1620 2672 litteram
1631 2612 1876 2688 superfluumju-

174 2697 352 2756 constitutus
366 2702 420 2772 εει,
437 2698 526 2757 simul
541 2699 573 2757 in
597 2707 719 2758 centeno
740 2701 838 2760 collati
861 2703 995 2790 luissent,
1049 2703 1205 2775 dicaretur,
1222 2704 1272 2762 sed
1290 2703 1321 2762 in
1336 2722 1425 2763 sensu
1442 2703 1564 2779 mystico
1579 2701 1713 2760 nonnihil
1727 2715 1878 2776 operatur.

54 2820 56 2828 =
171 2791 250 2844 esset
264 2786 383 2861 quidem
399 2790 492 2862 major
507 2807 647 2848 numerus
661 2792 799 2866 piscium,
825 2794 895 2867 quis
920 2811 995 2854 non·
1048 2793 1095 2850 Sic
1110 2792 1187 2851 enim
1204 2793 1253 2851 bic
1269 2793 1380 2852 dictum
1397 2799 1452 2865 cst,
1469 2817 1483 2846 a
1499 2793 1619 2852 renitet
1634 2791 1878 2866 accepitpanem,

47 2906 51 2916 =
169 2877 249 2950 genti
267 2877 382 2947 llerent,
398 2879 448 2936 scd
465 2897 543 2937 nuno
559 2883 651 2955 magis
667 2883 837 2956 mysterium
856 2889 911 2958 εει,
926 2886 996 2959 quia
1049 2885 1077 2940 ει
1091 2883 1171 2940 dedit
1185 2883 1226 2941 eis
1241 2898 1275 2952 ;rr
1292 2883 1367 2941 sicut
1382 2884 1439 2942 alio
1454 2883 1517 2942 loco
1533 2883 1568 2941 de
1583 2883 1676 2940 servis
1701 2885 1879 2956 exspectan-

171 2965 202 3023 in
217 2970 337 3024 centum
353 2967 484 3040 piscibus
495 2969 591 3028 laxius
604 2971 742 3042 viventes,
755 2971 784 3030 in
797 2971 891 3032 tribus
901 2976 995 3033 subli-
1048 2974 1128 3033 tibus
1139 2974 1298 3033 Dominum
1311 2992 1409 3047 suum,
1420 2975 1680 3050 cumprramiesum
1691 2977 1780 3044 esset,
1790 2971 1877 3029 ieoiet

171 3052 250 3111 mius
266 3055 510 3129 contemplantes,
525 3059 554 3114 in
575 3059 790 3134 quinquaginta
811 3063 997 3122 mediocriter
1048 3062 1877 3138 illosdiscumbere,statimsubjunctumest‚ettransiens

172 3147 293 3217 agentes
307 3144 409 3202 fideles
425 3153 501 3203 recte
515 3145 732 3220 intelliguntur.
744 3153 793 3207 list
807 3150 883 3206 enim
895 3159 995 3210 sancte
1010 3196 1033 3266 c
1051 3155 1230 3214 ministrabit
1244 3155 1303 3214 illis
1319 3157 1394 3229 (Lar.
1421 3156 1481 3227 sn).
1506 3155 1620 3212 Etenim
1645 3154 1762 3228 quondo
1791 3152 1877 3221 dicit,

173 3231 302 3290 Ecclesia
316 3233 423 3291 similis
448 3252 521 3292 arcte
545 3252 633 3307 quiam
658 3238 717 3296 Noe
742 3239 902 3311 fabricavit,
928 3243 997 3315 quic
1051 3249 1133 3303 steno
1149 3246 1177 3302 iu
1193 3245 1300 3318 littore,
1315 3247 1420 3313 venite,
1433 3245 1573 3319 prandete
1588 3244 1646 3302 imo
1660 3243 1881 3318 quaudodicet,

173 3321 294 3378 interius
308 3321 403 3395 latior,
418 3325 552 3396 superius
567 3325 623 3382 luit
634 3329 794 3400 angustior.
812 3329 923 3403 Quippe
933 3347 996 3404 que
1052 3335 1158 3394 sedens
1174 3336 1203 3392 iu
1220 3336 1289 3394 sede
1304 3335 1469 3408 majestatis
1484 3352 1545 3393 sure
1559 3351 1566 3392 :
1580 3358 1594 3386 a
1607 3333 1719 3404 Venite,
1731 3333 1882 3391 benedicti

171 3410 297 3466 interius
311 3412 448 3469 trecentis
464 3413 569 3470 cubitia
583 3414 613 3472 in
629 3417 852 3490 longitudinem,
864 3423 893 3475 et
907 3423 996 3494 quin·
1054 3423 1149 3482 Patris
1164 3425 1230 3492 urei,
1251 3425 1390 3499 percipite
1415 3441 1536 3500 regnum
1562 3424 1668 3497 (llnltlr.
1685 3425 1758 3496 nr),
1773 3445 1787 3474 a
1809 3426 1882 3479 tunc

173 3497 314 3572 quaginta
328 3498 358 3554 in
370 3499 554 3558 latitudinem
564 3503 844 3578 ampliatesuperlus
855 3508 885 3564 in
897 3509 995 3568 cubito
1053 3513 1196 3571 videbunt
1210 3531 1277 3571 eum
1288 3514 1375 3572 etiam
1387 3513 1498 3571 sinistri
1510 3515 1603 3586 pisces
1615 3511 1746 3585 mali,qni
1755 3512 1785 3568 in
1794 3515 1881 3569 ente-

169 3591 434 3645 consummataest
450 3588 526 3661 (Gen.
544 3593 592 3664 v1).
610 3593 684 3650 Sunt
699 3592 792 3652 malla
806 3613 872 3668 qum
887 3597 916 3654 in
942 3598 996 3656 boo
1049 3601 1119 3659 riori
1135 3601 1308 3674 piscatione,
1323 3602 1515 3676 multiplicati
1527 3605 1876 3676 sunlsupernumcrum,

171 3691 294 3733 numero
308 3685 425 3735 centurn
440 3680 656 3754 quinquaginta
671 3683 760 3740 trium
772 3685 996 3761 pisciumjame
1049 3691 1157 3748 elretie
1168 3697 1310 3766 ruperunt
1320 3696 1405 3764 ;tunc
1416 3689 1767 3765 inquom,videliceteum
1777 3691 1879 3748 omnis

170 3765 339 3822 doctoribus
351 3767 757 3846 utiliterdissertasuut,quae
769 3774 894 3848 diligens
907 3775 996 3834 lector
1047 3781 1151 3838 oculus
1167 3781 1260 3854 (ipoc.
1277 3799 1298 3851 1,
1313 3783 1376 3856 vu),
1392 3786 1421 3839 ει
1435 3781 1486 3855 qui
1502 3797 1565 3838 eum
1593 3783 1793 3854 pupugerunt,
1824 3780 1877 3836 scd

167 3861 303 3930 prompte
318 3859 381 3915 suis
398 3859 428 3916 iu
444 3859 515 3917 locis
532 3862 658 3935 reperire
669 3868 773 3936 potest.
785 3865 938 3938 Sequitur:
1048 3871 1197 3941 transibit,
1211 3873 1263 3929 sed
1279 3871 1374 3930 veniel
1388 3871 1480 3941 intus,
1492 3869 1781 3942 sedclausislanuie,
1792 3873 1822 3925 et
1834 3869 1876 3924 is·

204 3969 219 3998 a
235 3945 268 4003 itt
283 3964 349 4005 cum
363 3949 437 4006 tenti
449 3955 558 4020 essent,
570 3954 814 4012 noneslscis‘sum
826 3960 918 4013 rete.»
932 3959 993 4014 Hoc
1049 3959 1088 4017 tis
1102 3959 1178 4018 foras
1193 3960 1336 4033 expulsis,
1353 3977 1423 4018 suos
1438 3959 1626 4018 discumbere
1640 3958 1737 4030 faciet,
1749 3961 1779 4014 et
1792 3957 1886 4014 mini·

167 4035 254 4111 plane
270 4039 305 4094 ad
323 4038 533 4112 evangelistam
549 4042 691 4114 pertinuit
705 4044 811 4116 dicere,
827 4062 894 4104 oum
920 4049 992 4105 tanti
1047 4049 1152 4106 strabit
1167 4049 1236 4108 illie.
1253 4050 1294 4107 De
1308 4067 1366 4123 quo
1382 4052 1445 4122 ejus
1461 4047 1624 4107 ministerio
1650 4065 1727 4106 nuno
1752 4047 1879 4120 mystice

165 4132 275 4198 essent,
290 4145 346 4184 non
363 4133 408 4187 εει
422 4131 547 4187 scissum
560 4136 629 4198 rcte,
646 4133 715 4206 quie
730 4134 991 4194 videlicetinetatu
1047 4138 1158 4194 dietum
1173 4143 1237 4196 est:
1256 4160 1269 4193 r
1288 4139 1322 4196 Et
1336 4139 1447 4212 accepit
1462 4153 1577 4211 panem,
1597 4141 1626 4194 el
1641 4137 1691 4194 dat
1705 4135 1758 4206 eis,
1774 4139 1802 4192 ει
1813 4135 1876 4208 pis·

166 4216 285 4290 quidem
301 4219 678 4292 presenttsuootasiae,rete
692 4221 990 4298 scinduntpiscesilii
1045 4243 1108 4284 cem
1125 4229 1298 4286 similiter.»
1320 4229 1391 4296 Quis
1414 4233 1456 4286 εει
1479 4229 1534 4286 iste
1559 4227 1644 4301 panis
1670 4227 1728 4284 nisi
1752 4224 1881 4282 dulcedo

167 4301 390 4400 quitnumerum
408 4301 733 4400 eucudunt,Psalmists
762 4310 898 4379 testeote,
922 4325 989 4366 cum
1045 4317 1148 4374 divinae
1164 4317 1358 4376 visionislilt
1372 4318 1439 4392 quis
1454 4335 1541 4376 ussus
1555 4316 1658 4390 piscis,
1687 4315 1744 4373 nisi
1770 4319 1881 4373 nature

168 4389 485 4446 ᾶ1011111Α1111111111111
511 4400 538 4448 0¹
561 4390 677 4450 1110111118
703 4411 780 4462 111111,
805 4396 989 4470 11111111Ρ111111ἰ
1044 4404 1882 4482 liliibourinisercoctaiguepasslouisiUlrumqucacci·

167 4479 509 4579 sontsupernumerum
533 4481 775 4554 (Pral.xxnrn),a
804 4486 854 4542 sed
883 4485 912 4541 iu
938 4484 988 4542 illo
1044 4493 1096 4568 pit,
1111 4499 1140 4552 et
1158 4495 1208 4553 dat
1222 4495 1289 4568 illis,
1304 4497 1372 4570 quia
1387 4496 1541 4571 utriusque
1556 4501 1666 4553 natura
1681 4495 1794 4552 visione
1806 4492 1882 4550 rell·

167 4570 390 4668 168111101101118
405 4566 503 4626 lilim
519 4587 573 4644 [11111
587 4572 652 4641 esst,
663 4578 691 4629 θῑ
701 4579 761 4630 tels
771 4574 989 4647 solidumque
1005 4570 1028 4636 [l
1042 4585 1099 4642 ciel
1113 4589 1263 4644 consortes
1276 4587 1357 4658 regui
1374 4585 1432 4657 sui,
1442 4586 1518 4644 sicat
1529 4585 1703 4658 promittens
1713 4583 1770 4641 olio
1785 4581 1848 4640 loco
1868 4599 1876 4640 ε

170 4653 225 4711 soli
241 4669 344 4728 pisces,
360 4659 410 4729 qui
424 4662 652 4733 numeratisunt,
664 4664 762 4738 magni
774 4680 886 4736 omnes,
899 4665 993 4723 idest·
1051 4697 1065 4726 a
1081 4675 1114 4732 tit
1128 4691 1192 4750 ego,
1204 4675 1309 4748 inquit,
1321 4676 1445 4750 dispono
1453 4675 1631 4745 vobis,sicut
1642 4670 1789 4746 disposuit
1798 4671 1876 4728 mibi

172 4747 240 4805 boni
254 4749 314 4806 illic
328 4757 423 4808 erunt.
440 4775 454 4804 a
476 4753 549 4812 llicit
564 4755 605 4813 eis
619 4756 704 4815 iesus
719 4773 725 4814 :
743 4759 855 4829 Venite,
872 4759 995 4832 prande
1051 4767 1134 4822 Peter
1149 4781 1232 4822 meus
1247 4781 1381 4839 regnum,
1402 4774 1434 4824 ut
1448 4765 1543 4823 edatis
1557 4768 1585 4822 cl
1600 4762 1760 4822 comedatis
1784 4776 1879 4835 super

170 4839 208 4894 te.
225 4859 240 4890 a
260 4837 335 4897 Beue
352 4846 409 4898 tum
427 4843 527 4901 multis
543 4845 674 4917 piscibus
690 4847 815 4918 magnis,
831 4849 995 4922 quiomues
1050 4869 1181 4912 mensam
1197 4871 1293 4912 meam
1309 4857 1338 4912 lo
1358 4870 1447 4928 regno
1463 4871 1539 4912 mco.
1557 4876 1571 4906 ε

167 4927 196 4983 in
211 4927 329 4985 dextera
343 4931 451 5004 navigii
466 4933 543 5005 capti
559 4937 629 4990 sunl
652 4934 689 4991 sd
710 4939 815 4993 terram
840 4939 995 5010 pertractis
1086 4967 1099 4996 a
1117 4947 1176 5001 ilco
1189 4945 1250 5016 jorn
1267 4944 1352 5001 lertio
1367 4945 1564 5004 manifestavit
1579 4961 1611 5001 sc
1624 4947 1711 5000 iesus
1721 4940 1878 5015 discipulis

168 5013 240 5114 dicit
254 5020 360 5076 lesus:
377 5018 488 5088 Venite,
504 5023 653 5095 prandete,
671 5047 683 5077 ι
701 5025 771 5097 quia
798 5042 864 5084 oum
888 5028 996 5086 sederit
1049 5032 1123 5100 suis,
1137 5049 1204 5088 cunr
1220 5032 1426 5090 resurrexisset
1441 5049 1458 5088 o
1474 5032 1609 5090 mortuis.
1628 5053 1642 5082 a
1658 5029 1801 5102 Superius
1812 5030 1879 5102 Jam

171 5101 247 5160 rdern
256 5105 480 5164 Filiuehominis
490 5109 518 5164 in
530 5109 597 5166 sede
606 5111 771 5182 majestatis
783 5131 853 5182 sue,
862 5121 994 5173 elomnes
1049 5121 1160 5178 dietum
1176 5121 1300 5194 estquis
1312 5122 1435 5179 duorum
1447 5121 1602 5179 bominum
1616 5119 1816 5178 testimonium
1829 5134 1877 5173 vo·

175 5191 323 5249 electosad
335 5195 483 5252 dexteram
494 5213 579 5254 suern
591 5200 784 5271 constituerit,
796 5213 823 5260 et
834 5211 902 5262 tuno
913 5205 994 5263 altis·
1049 5227 1115 5267 rum
1131 5213 1185 5279 εει,
1200 5214 1229 5266 ει
1243 5209 1399 5283 plusquam
1415 5211 1534 5268 tertium
1551 5210 1698 5285 requirere
1708 5209 1876 5281 legitimum

178 5282 253 5339 sime
267 5287 295 5339 el
310 5283 484 5342 suavissime
497 5284 553 5343 boc
569 5287 655 5374 modo
670 5289 833 5349 intonabit:
853 5316 867 5344 a
882 5294 993 5370 Venite,
1049 5316 1106 5357 non
1122 5303 1177 5368 est,
1194 5315 1261 5354 unm
1277 5298 1306 5354 in
1322 5315 1371 5356 ore
1384 5299 1509 5357 duorum
1524 5298 1667 5358 veltrium
1679 5297 1800 5354 testium
1814 5301 1875 5354 sta·

174 5371 322 5428 benedicti
338 5373 434 5430 Patris
445 5373 512 5446 mei,
525 5376 665 5451 percipite
675 5395 809 5454 regnum,
821 5383 897 5456 quod
911 5385 994 5442 vobis
1048 5388 1092 5445 bit
1106 5404 1192 5446 omne
1206 5389 1339 5459 verbum,
1356 5389 1484 5461 prudens
1495 5389 1687 5464 evengelista,
1698 5391 1727 5445 et
1738 5385 1875 5462 superius

170 5466 308 5530 paratam
323 5467 368 5519 est
382 5464 420 5520 ab
434 5463 546 5540 origine
558 5468 661 5540 mundi
674 5469 782 5542 (batti.
798 5473 877 5543 xxv).
891 5491 904 5524 s
920 5473 993 5538 Quid
1049 5479 1107 5536 duo
1117 5479 1286 5537 testimonia
1296 5479 1472 5553 conscripsit
1483 5480 1525 5538 sic
1536 5477 1744 5539 terminando:
1760 5499 1775 5530 a
1786 5475 1880 5534 Mults

172 5545 252 5601 enirn
284 5553 329 5605 εει
356 5548 411 5609 boc
440 5555 593 5626 prandere,
620 5557 677 5614 nisi
704 5575 826 5634 regnum
853 5568 993 5621 eternum
1049 5566 1169 5641 quidem
1184 5571 1212 5626 ει
1225 5566 1283 5626 ειίε
1298 5569 1383 5643 signe
1396 5568 1464 5626 iecit
1476 5568 1604 5628 Jesusin
1616 5571 1774 5643 conspectu
1786 5565 1880 5625 disci·
1985 5561 1986 5570 ’

173 5633 345 5706 perciperet
360 5639 434 5703 Quid
449 5647 495 5700 eet
521 5659 587 5702 vero
616 5649 763 5721 regnando
783 5650 926 5722 prandere
950 5654 994 5712 vel
1050 5657 1186 5731 palorum
1202 5675 1354 5730 sumum,-
1367 5661 1518 5731 etrotcrr,
1528 5663 1558 5718 et
1567 5675 1602 5719 oe
1613 5659 1683 5736 quid
1694 5657 1880 5716 contentioso
