3992 6048
94 248 152 312 dat
638 259 847 324 domuerit.
870 258 909 319 ΙΝ
930 255 1042 319 tund.
1068 279 1106 300 *-
1127 255 1200 318 LIB.
1224 257 1262 317 X.
1745 263 1805 328 ιιι

95 399 152 439 ιιι
174 384 306 452 custodit,
333 392 360 440 at
384 386 470 444 verba
489 389 551 460 ejus
575 406 632 448 non
658 393 802 465 iutelligit,
817 412 832 446 s
850 393 920 449 dum
937 392 965 458 Α
980 409 996 440 ιι
1011 387 1076 446 ileo
1090 390 1174 446 rerba
1188 405 1248 448 non
1272 394 1339 447 sunt
1364 391 1538 449 demonium
1564 393 1807 464 habentinam:

93 472 182 528 dicit:
211 494 227 524 ιι
260 474 435 532 flamonium
459 476 542 536 babet
564 487 591 536 st
617 480 736 552 insanit,
762 481 830 554 quid
856 497 924 540 eum
978 499 992 528 ιι
1008 479 1142 550 Nunquid
1159 483 1251 554 potest
1268 481 1440 538 demonium
1458 499 1600 542 cecorum
1619 488 1718 544 oculos
1740 505 1808 560 apa·

92 561 248 618 audititi·
269 566 400 622 ettamen
418 567 629 639 magnificanda
654 577 736 628 erant
757 587 842 643 cpars
865 578 923 638 tua,
977 566 1057 624 rire?
1072 567 1128 624 »ιιι
1141 570 1169 624 in
1186 570 1350 640 hujusmodi
1366 570 1596 630 dissensionibus
1608 574 1727 633 illorum
1741 579 1805 634 ani·

92 649 225 718 Domine,
241 652 269 708 in
296 652 387 710 oculis
411 656 483 726 ejus,
508 663 535 713 at
560 658 715 716 revelanda
739 661 925 728 cogitationes
977 672 1036 712 mas
1050 657 1142 730 perire
1157 658 1301 728 dicebant,
1318 660 1366 732 qui
1384 660 1420 716 ab
1436 659 1597 720 intentione
1622 678 1671 720 sua
1695 665 1807 724 dissen-

91 743 148 793 ιιι
165 739 196 796 ιι
211 741 329 798 auribus
343 744 416 813 ejus,
432 753 461 802 ut
473 753 588 804 ostensa
598 746 642 805 illi
653 764 709 806 nnn
722 749 883 808 rideremus
896 755 925 806 et
976 745 1072 802 tiendo
1087 747 1175 804 saluti
1192 749 1282 819 magis
1297 749 1573 822 appropinquabant.
1592 752 1624 808 ιιι
1650 759 1717 813 ιιιι
1741 755 1805 828 qui·

93 828 172 885 dicta
187 828 230 886 illi
246 831 551 904 nonintelligcrernus,
567 843 707 908 quatenus
730 838 832 896 endem
856 838 924 909 igne
975 834 1039 890 dom
1068 840 1182 908 propter
1208 837 1431 906 dissensionum.
1455 854 1518 910 qum
1543 854 1618 898 ooeou
1643 840 1806 902 illuminato

93 916 247 974 humilium
263 919 340 976 conii
356 921 596 993 illuminarentur,
613 926 692 997 eujus
708 927 786 984 lumo
808 925 923 984 illorum
974 923 1063 980 semul
1083 932 1111 979 et
1136 924 1238 982 iterum
1268 927 1341 982 lacta
1362 933 1404 983 est
1426 929 1500 983 iuter
1525 943 1589 996 nos,
1614 929 1739 986 solutum
1764 939 1807 990 est

89 1006 225 1074 superbia
257 1019 458 1068 exsecaretur.
486 1012 574 1083 igitur
598 1021 625 1070 at
661 1014 797 1072 hactenus
826 1031 921 1072 coram
975 1011 1107 1068 inefficax
1122 1028 1222 1069 aarum
1237 1016 1485 1072 corruenticulum.
1502 1015 1585 1074 Nunc
1598 1025 1692 1074 aotam
1707 1019 1755 1076 ubi
1769 1021 1805 1077 ad

90 1095 307 1154 insidiatoribus
322 1099 381 1156 suis
399 1108 457 1157 tuta
479 1103 616 1172 processit
639 1103 768 1161 doctrina
787 1103 922 1170 raritatis,
975 1099 1186 1158 solemnitatem
1207 1103 1395 1161 dedicationis
1420 1105 1547 1174 renisus,
1576 1105 1751 1178 ambulabat,
1777 1115 1810 1168 ut

89 1190 117 1239 et
135 1183 276 1258 deinceps
289 1189 378 1258 magis
388 1205 421 1246 ao
433 1191 521 1262 magis
531 1189 802 1264 interrogationibus
812 1193 923 1264 pulsata
975 1190 1142 1259 predictum
1158 1199 1210 1256 ast,
1225 1191 1254 1247 in
1270 1192 1384 1262 templo,
1395 1201 1424 1248 ut
1434 1193 1462 1250 in
1472 1194 1617 1264 porticum
1630 1194 1807 1264 Salomonis,

89 1289 207 1344 semper
222 1290 388 1346 augescens,
403 1278 487 1336 dietis
503 1286 529 1336 et
544 1280 626 1338 laetis
647 1282 677 1337 in
700 1281 817 1340 auribus
846 1283 923 1340 264
975 1278 1053 1334 nacti
1076 1278 1133 1334 sibi
1166 1279 1333 1337 uidebantur
1369 1281 1608 1352 opportunitatem
1644 1285 1807 1356 aucupandi

90 1369 115 1416 ct
132 1362 225 1420 oculis
239 1379 336 1422 aarum
365 1374 441 1424 reolo
466 1378 564 1426 tenore
587 1370 724 1440 procedit,
750 1370 923 1443 avangelista
975 1374 1075 1422 contra
1087 1383 1152 1424 eum
1168 1367 1288 1439 aliquid,
1307 1370 1382 1426 unda
1392 1377 1485 1441 posset
1494 1371 1633 1428 accusari.
1647 1393 1662 1422 ι
1673 1373 1804 1430 Circum·

90 1451 132 1507 aic
149 1461 339 1524 prosequente
359 1455 488 1513 ordinem
509 1457 691 1514 narrationis.
975 1455 1113 1512 dedorunt
1132 1471 1292 1529 argaeum,
1313 1461 1449 1529 tanquam
1465 1458 1545 1515 rituli
1571 1459 1663 1530 multi,
1688 1469 1714 1518 et
1729 1463 1802 1518 tauri

126 1563 141 1590 ιι
163 1541 249 1600 Facta
262 1551 330 1600 sunt
349 1552 443 1602 autern
470 1546 602 1604 ducenis
626 1547 656 1603 ιι
676 1547 872 1618 ierosolymis,
896 1554 925 1604 et
975 1543 1094 1614 pingues
1109 1544 1281 1602 obsederunt
1293 1561 1357 1604 cum
1373 1547 1463 1618 (Ptol.
1479 1548 1548 1620 ιιι).
1566 1569 1581 1598 ιι
1596 1549 1630 1604 ιιι
1648 1548 1805 1610 dicebant:

91 1629 186 1686 biems
200 1638 271 1688 erat.
288 1655 300 1684 ι
327 1633 462 1690 bocania
486 1633 624 1692 festivitas
645 1643 703 1692 erat
731 1635 924 1694 dedicationis
978 1654 989 1682 ι
1004 1635 1156 1704 Quousque
1169 1633 1300 1692 animam
1318 1639 1446 1692 nostram
1462 1635 1565 1692 tollis?
1578 1637 1606 1692 Si
1622 1645 1651 1693 tu
1667 1653 1699 1696 as
1721 1638 1805 1696 Chri·

90 1718 203 1789 templi,
221 1723 389 1792 tantumque
405 1728 447 1779 est
462 1721 517 1780 hoo
538 1739 644 1782 nomen
667 1741 683 1780 a
707 1725 804 1783 Graec
830 1743 922 1780 ιιιιιιον
939 1727 1047 1811 Batus,
1064 1723 1111 1780 dic
1127 1723 1210 1780 cobis
1226 1724 1330 1795 palam.
1348 1746 1362 1776 ιι
1380 1725 1403 1780 0
1419 1725 1536 1796 perditas
1552 1725 1666 1793 aalma,
1678 1742 1744 1784 cum
1761 1727 1808 1788 bic

88 1807 167 1877 qnod
183 1808 285 1867 Latina
296 1810 399 1868 dieitur
410 1828 523 1870 acuam.
534 1813 568 1868 iit
579 1814 809 1886 quandocunque
819 1831 923 1873 norum
977 1809 1057 1866 robis
1071 1811 1166 1882 palam
1190 1812 1305 1881 dixerit,
1329 1815 1404 1884 quod
1429 1814 1557 1870 cbristus
1583 1815 1643 1885 ipse
1666 1815 1712 1886 alt,
1738 1831 1807 1890 argo

87 1896 196 1968 aliquid
215 1897 303 1956 luerit
317 1901 491 1973 dedicatum,
517 1903 646 1960 antennis
672 1911 797 1960 uocatur.
820 1904 875 1961 Sed
899 1915 927 1965 st
978 1914 1014 1956 uo
1028 1899 1079 1956 illa
1094 1898 1155 1971 ejus
1168 1900 1265 1972 opinio
1280 1901 1412 1970 cessabit,
1425 1917 1510 1973 qnam
1523 1918 1573 1960 ros
1583 1919 1655 1975 agra
1669 1905 1804 1974 lerentcs,

88 1985 113 2040 si
129 1987 196 2058 quis
212 2003 283 2044 nora
298 1989 432 2046 induatur
449 1991 557 2062 tunica,
574 1999 648 2048 recte
663 1993 829 2048 lincaniara
852 1991 926 2050 dici·
977 1996 1098 2046 vestram
1115 1989 1301 2060 perditionem
1323 2005 1385 2047 esse
1406 1990 1633 2060 calumniamini,
1659 1994 1802 2053 dicendo:

88 2082 145 2130 tur.
171 2077 304 2133 Encaenia
329 2094 407 2150 argo,
434 2078 461 2134 id
489 2088 540 2146 est,
565 2081 704 2137 solemnia
734 2081 926 2140 dedicationis
978 2100 993 2130 «
1008 2078 1159 2150 Quousque
1172 2081 1297 2136 animam
1311 2087 1436 2137 nostram
1453 2080 1552 2138 tollis?
1566 2103 1581 2132 ιι
1597 2081 1805 2148 ouidenimex

90 2164 192 2234 ternpli
206 2165 372 2237 agebantur,
389 2183 455 2226 cum
470 2183 502 2226 ca
526 2184 590 2241 quaa
609 2171 777 2239 sequuntur,
801 2171 924 2228 interro·
978 2183 1027 2224 ore
1041 2169 1129 2240 ipsius
1150 2168 1202 2226 boc
1217 2170 1314 2226 audire
1328 2169 1505 2241 desideratis,
1522 2168 1577 2228 nisi
1602 2179 1632 2227 ut
1655 2172 1729 2243 apud
1751 2189 1807 2245 po-

90 2253 225 2323 gantibus
240 2257 349 2312 dudaeis
364 2257 475 2314 locutus
490 2267 532 2314 est
556 2259 716 2314 nominas:
733 2279 747 2309 ιι
762 2259 796 2315 itt
822 2259 925 2330 biems,
977 2263 1106 2314 testatem
1123 2257 1243 2314 bomani
1258 2258 1371 2329 imperii
1385 2261 1524 2316 adversus
1538 2259 1621 2316 illum
1644 2263 1805 2320 accusatio·

90 2342 201 2413 inquit,
217 2351 287 2400 erat.
305 2366 320 2395 ιι
337 2345 421 2403 Juxta
437 2346 560 2404 litteram
581 2355 693 2418 tempus
713 2347 783 2404 anni
804 2348 927 2406 demon.
978 2346 1381 2404 neminavitabileminrenire
1390 2346 1522 2418 possitis?
1534 2347 1640 2420 Nempe
1652 2365 1719 2408 cum
1729 2350 1810 2408 Clari.

92 2438 211 2501 stratur,
227 2447 282 2504 quo
293 2434 568 2507 agebaturcjusdem
578 2435 764 2494 dedicationis
775 2436 923 2502 festivitas,
978 2443 1038 2490 stus
1052 2435 1130 2492 orbis
1145 2443 1282 2492 terrarum
1302 2435 1403 2492 debeat
1427 2452 1488 2494 essa
1512 2453 1572 2504 res,
1597 2439 1726 2510 quamuis
1752 2441 1807 2498 boo

96 2538 112 2576 a
129 2530 261 2594 tempore
276 2523 516 2595 Macbabmorum,
533 2527 581 2598 qui
595 2527 739 2583 destructo
754 2527 835 2582 altari
846 2527 925 2600 (quis
979 2524 1099 2580 terrenis
1113 2526 1208 2596 regnis
1224 2525 1296 2582 nibil
1314 2525 1474 2582 nociturum
1503 2525 1551 2596 sit,
1578 2526 1688 2584 robusti
1711 2535 1808 2584 tamen

91 2611 364 2669 contaminaverunt
378 2613 450 2670 illud
466 2623 575 2687 gentes)
587 2636 601 2668 ιι
616 2615 925 2672 edificaveruntaltare
976 2620 1155 2669 accusatores
1169 2613 1258 2680 eritis,
1275 2612 1315 2670 ita
1337 2619 1367 2670 ut
1391 2613 1518 2684 judicem
1543 2629 1654 2686 quoquc
1677 2627 1808 2686 premere

94 2714 218 2768 norum,
234 2703 388 2758 secondum
406 2702 475 2759 illud
490 2705 565 2775 quod
580 2703 657 2774 prius
673 2705 735 2774 luit,
747 2711 774 2760 et
788 2705 924 2776 quintaet
977 2701 1100 2773 possitis,
1115 2702 1255 2758 dicando:
1271 2723 1285 2751 ιι
1300 2702 1328 2758 Si
1345 2703 1422 2758 bunc
1437 2703 1567 2772 dimittis,
1593 2719 1651 2760 non
1679 2719 1710 2760 ss
1732 2704 1807 2760 arni-

95 2787 233 2844 ricssima
253 2792 359 2848 mansis
373 2780 472 2850 Casle'u
488 2793 690 2852 dedicaverunt
704 2793 773 2850 illud
799 2793 821 2867 (l
836 2793 922 2850 doci.
976 2805 1028 2846 cus
1043 2791 1166 2846 Cesaris.
1185 2790 1284 2848 Omnis
1298 2790 1348 2862 qui
1362 2805 1393 2848 sa
1412 2807 1508 2864 ragam
1533 2791 1612 2861 lacit,
1635 2793 1805 2851 contradicit

91 2879 139 2948 ιι).
157 2900 174 2928 ιι
189 2877 222 2934 Et
237 2881 333 2937 statuit
356 2883 444 2940 ludas
469 2891 497 2938 et
519 2883 617 2940 iratres
640 2883 712 2954 ejus,
739 2891 767 2939 at
793 2883 924 2940 unirsrsa
976 2880 1082 2937 Casani
1099 2880 1188 2953 (donn.
1204 2882 1276 2953 ιιι).
1295 2885 1446 2953 surgons,
1460 2882 1589 2954 inquam,
1602 2884 1806 2955 nuncquidem

89 2967 218 3024 Ecclesia
233 2970 330 3038 lsrael,
355 2979 385 3028 ut
408 2978 507 3042 agatur
530 2973 591 3028 dies
613 2972 802 3030 dedicationis
825 2972 925 3028 altaris
976 2971 1103 3028 animam
1119 2979 1239 3028 uestram
1254 2972 1337 3040 tollit,
1352 2973 1401 3029 aad
1418 2977 1487 3030 tunc
1498 2989 1555 3030 non
1568 2972 1657 3042 tollet,
1669 2987 1736 3042 oum
1752 2973 1806 3030 ltoc

86 3057 118 3112 in
143 3059 321 3129 temporibus
343 3061 412 3128 sols,
436 3061 472 3118 ab
496 3077 572 3119 anno
593 3062 623 3119 ia
645 3077 765 3130 annunt,
787 3077 836 3133 par
860 3062 921 3118 diae
977 3075 1033 3116 non
1050 3060 1246 3130 perfeceritis?
1273 3061 1379 3117 dbsita
1404 3061 1484 3118 vobis
1508 3061 1568 3118 bac
1591 3060 1748 3129 beatitudo,
1774 3067 1805 3116 ut

87 3153 165 3212 octo,
182 3164 198 3202 s
214 3148 315 3218 quinta
337 3154 368 3205 st
393 3149 527 3206 uicesima
551 3150 657 3208 mansis
678 3151 788 3206 casleu
814 3117 956 3206 biensisc
973 3148 1033 3220 ipse
1047 3149 1170 3204 animam
1188 3156 1308 3206 restrum
1323 3148 1444 3219 tollat,et
1457 3150 1597 3221 possideat
1612 3149 1674 3206 rost
1691 3151 1800 3206 Conca-

88 3241 186 3291 aotem
202 3235 315 3307 Gasleu,
329 3236 390 3308 ipse
404 3243 450 3294 cst
463 3237 511 3310 qui
534 3240 609 3309 apud
633 3237 775 3296 Romanos
799 3237 921 3296 Dacaru·
972 3238 1018 3294 dat
1033 3237 1116 3296 uobis
1127 3238 1230 3310 [vobis]
1244 3238 1348 3310 potius,
1364 3240 1499 3310 quoniam
1509 3238 1656 3308 sternitis,
1669 3247 1709 3310 ut,
1720 3238 1794 3296 sicut

92 3322 142 3378 ber
156 3323 271 3395 dicitur,
286 3333 312 3382 et
328 3332 369 3383 ast
384 3344 401 3382 a
416 3327 518 3384 ldartio
530 3328 656 3399 quidem,
667 3345 684 3382 a
696 3327 922 3399 conantiquitas
974 3329 1109 3400 prophota
1123 3329 1318 3402 gemebundus
1333 3329 1482 3402 praedixit:
1499 3351 1514 3382 a
1530 3330 1664 3387 anteeant
1688 3329 1795 3402 iniqui·

92 3413 213 3469 Romani
228 3430 337 3472 annum
352 3415 500 3486 inchoant,
526 3416 666 3473 decimus.
692 3415 732 3472 ab
755 3415 846 3486 apriti
869 3432 920 3472 au·
974 3424 1044 3474 tates
1059 3426 1167 3485 restrae,
1182 3428 1209 3476 et
1224 3419 1386 3490 possideant
1402 3435 1451 3476 ιιι
1465 3419 1573 3498 absque
1583 3435 1613 3476 so
1625 3420 1687 3489 tiso.
1704 3419 1774 3492 ιιι).
1787 3439 1802 3470 ιι

96 3509 164 3569 tem,
182 3503 313 3574 quiapud
327 3503 920 3576 Hebraossacondnmlegem,principium
973 3507 1044 3563 Alia
1059 3508 1242 3564 suntanlmae
1266 3523 1336 3579 quas
1359 3508 1449 3574 tollet,
1472 3524 1539 3566 cum
1565 3523 1618 3566 roa
1643 3507 1724 3566 illum
1751 3525 1804 3580 pro

93 3591 250 3663 mensium,
266 3600 293 3648 et
309 3593 418 3665 primus
442 3600 484 3649 est
508 3593 539 3650 in
564 3592 711 3650 mensibus
734 3593 803 3649 anni
827 3592 922 3663 existis
972 3597 1152 3654 accusatione
1167 3598 1236 3670 regii
1258 3597 1384 3654 nominis
1411 3598 1536 3656 uinctum
1561 3598 1654 3655 Pilato
1679 3598 1802 3656 tradide-

92 3694 199 3736 nonus.
213 3679 300 3750 igitur
310 3681 391 3752 juxta
402 3680 538 3747 litteram,
554 3687 584 3736 ut
600 3681 707 3737 dictum
733 3687 785 3750 est,
809 3679 921 3736 indica·
974 3685 1036 3740 ritis
1051 3685 1156 3756 (doti.
1172 3685 1283 3759 usura).
1302 3686 1408 3757 siparia
1426 3703 1549 3758 namque
1578 3685 1712 3744 manibus
1731 3688 1803 3758 sula,

92 3776 136 3824 1111
153 3776 255 3824 1111111111
282 3770 427 3842 16111ι111118ι
453 3769 655 3842 8611111ι511111ι
678 3770 754 3840 1111011
779 3767 921 3840 1111811111
973 3774 1073 3833 iontem
1088 3781 1228 3832 armatum
1245 3774 1342 3832 lortius
1362 3777 1424 3847 ipsc
1451 3775 1578 3848 alligabit
1602 3775 1722 3833 confixis
1744 3793 1804 3832 ma-

89 3873 150 3912 rcrn
166 3858 280 3928 attinet,
295 3858 399 3930 frigida
412 3859 575 3917 iudeorum
589 3856 766 3928 significatur
776 3857 920 3927 impietas,
973 3864 1058 3920 nibus
1073 3880 1107 3922 ac
1122 3865 1241 3936 podibus
1254 3865 1357 3922 atrium
1383 3865 1446 3938 ejus
1470 3864 1637 3934 debellabit,
1652 3872 1689 3922 et
1709 3863 1804 3922 beatas

88 3947 158 4020 quin
174 3957 283 4004 mantes
298 3948 414 4005 illorum
431 3949 557 4006 adivino
572 3948 638 4020 igne
654 3963 777 4016 auersas,
790 3947 921 4005 diabolus
973 3969 1072 4010 omnes
1086 3953 1197 4010 animas
1214 3953 1302 4020 tollet,
1320 3969 1384 4009 rasa
1408 3953 1486 4010 cuim
1512 3954 1575 4024 sius
1600 3953 1724 4024 diripiet.
1747 3956 1806 4009 Vos

91 4046 226 4107 tanquam
243 4038 372 4109 glacialis
389 4039 495 4096 Boreas
517 4038 672 4096 alssarcrat.
972 4050 1067 4100 antem
1082 4058 1259 4114 naquaquam
1275 4041 1340 4098 lorti
1357 4043 1399 4097 illi
1425 4042 1577 4108 tollemini,
1603 4043 1651 4098 sad
1676 4041 1805 4114 possida-

128 4145 140 4174 ι
158 4125 192 4181 Et
207 4126 372 4184 ambulabat
387 4129 467 4184 lesus
481 4127 511 4184 in
526 4125 645 4198 templo,
662 4126 692 4184 in
708 4125 817 4197 porticu
841 4124 922 4182 Salo-
973 4130 1043 4197 bunt
1058 4147 1108 4188 ros
1122 4146 1222 4187 omues
1238 4130 1372 4200 nequitia
1397 4129 1470 4201 eius,
1494 4135 1523 4187 et
1546 4138 1629 4186 erunt
1650 4127 1806 4188 nouissima

90 4216 196 4271 monis.
213 4237 227 4265 ιι
244 4219 311 4272 lisso
326 4217 450 4287 porticus
464 4215 624 4272 salomonis
639 4215 700 4286 ipsa
722 4221 792 4282 erat,
808 4217 843 4272 de
866 4230 921 4286 qua
973 4227 1065 4276 vestra
1080 4221 1174 4292 peiora
1200 4219 1342 4290 prioribus
1366 4219 1444 4293 (tue.
1470 4221 1523 4292 ιι).
1549 4219 1631 4278 Νιιιι
1653 4218 1804 4276 audiamus

88 4303 118 4358 in
136 4303 210 4361 libro
225 4304 331 4375 lingum
347 4305 500 4362 scribitur:
518 4325 532 4355 ιι
550 4305 582 4362 ln
598 4304 644 4360 die
656 4303 707 4358 illa
732 4303 921 4360 sanctificarit
973 4309 1092 4381 qualiter
1125 4324 1225 4382 ayruun
1255 4316 1380 4367 vestrum
1404 4309 1529 4378 soluerit,
1555 4324 1609 4381 quo
1638 4307 1721 4366 illum
1745 4313 1807 4364 tam

88 4409 135 4448 ¹³¹
152 4394 691 4467 8ι1011101111191111111111111,1ιῑ1016111
714 4401 780 4448 1111111
803 4393 920 4450 domum
976 4397 1099 4456 nocendi
1116 4397 1289 4464 intentione,
1305 4414 1390 4469 quarn
1414 4398 1504 4455 turbae
1528 4407 1628 4456 vestrae
1652 4397 1806 4470 stipatione

86 4481 214 4554 Domini,
230 4483 352 4556 fecitque
368 4485 407 4542 ibi
423 4482 619 4542 holocaustum
644 4488 672 4537 et
694 4480 877 4548 sacrificium,
894 4494 925 4542 et
941 4483 963 4550 l)
978 4488 1215 4553 circumdedistis,
1231 4504 1289 4544 non
1304 4493 1415 4544 tantum
1431 4488 1545 4560 Regem,
1562 4489 1611 4545 ssd
1624 4492 1653 4545 et
1670 4487 1759 4545 iteum
1775 4503 1806 4544 sa

85 4557 199 4643 adipem
216 4573 402 4643 pacificorum
418 4573 469 4646 (lli
482 4574 546 4644 dep.
566 4571 639 4643 vrrs).
655 4591 671 4621 ιι
688 4573 756 4627 Cam
781 4587 848 4642 ergo
862 4585 924 4627 am·
978 4591 1039 4633 essa
1054 4580 1219 4632 contestans
1233 4575 1506 4635 consubstantialem
1524 4576 1614 4641 Patri,
1630 4575 1689 4631 sit:

88 4660 197 4718 bularet
208 4661 237 4718 in
248 4659 415 4733 hujusmodi
425 4661 535 4733 porticu
545 4660 685 4717 Dominus
705 4661 923 4732 noster,utiqua
1013 4684 1028 4714 ιι
1045 4665 1157 4737 Loquor
1172 4664 1252 4722 robis
1269 4675 1295 4724 et
1323 4680 1381 4722 non
1404 4666 1529 4724 creditis.
1555 4666 1647 4736 Opera
1670 4679 1732 4736 qua
1757 4679 1808 4735 ego

87 4749 240 4820 intemplo
257 4749 431 4818 ambulabat,
459 4750 526 4823 quia
550 4748 679 4821 porticus
702 4747 752 4804 illa
776 4765 866 4820 aqua,
893 4745 923 4807 ut
976 4753 1050 4810 isoio
1064 4754 1095 4810 in
1111 4754 1227 4812 nomine
1242 4755 1335 4811 Patris
1351 4755 1418 4826 mai,
1434 4754 1495 4827 ipsa
1520 4754 1715 4810 testimonium
1741 4767 1806 4824 par·

86 4838 228 4908 templum
243 4855 260 4894 a
273 4838 424 4896 Salomone
441 4838 617 4896 sarrctitieata
636 4837 735 4893 lucrat.
753 4859 767 4882 ι
792 4837 920 4895 Circum·
978 4841 1075 4898 bibent
1090 4842 1125 4897 da
1140 4857 1196 4898 me.
1211 4843 1264 4899 Sed
1281 4858 1338 4900 nou
1356 4842 1482 4910 creditis,
1499 4843 1565 4914 quia
1591 4855 1650 4898 non
1676 4839 1745 4897 estis
1773 4854 1808 4896 ex

88 4927 229 4983 dederunt
243 4943 310 4984 cum
330 4944 397 5000 argo
421 4927 524 4995 iudaei,
547 4936 572 4982 et
596 4925 749 4982 dicebant:
770 4927 921 4998 Quousque
976 4930 1075 4988 oribus
1090 4929 1170 4988 meis.
1190 4953 1201 4980 ι
1219 4932 1355 5003 Superius
1370 4930 1408 4987 ait
1424 4931 1471 4988 bic
1486 4931 1557 5002 ipsa,
1573 4929 1621 5003 qui
1647 4943 1725 4985 nunc
1749 4926 1806 4984 cir·

89 5017 216 5072 animam
234 5025 361 5074 nostrum
376 5017 477 5074 tollis?
492 5017 523 5074 Si
539 5025 566 5074 tu
580 5031 610 5071 cs
625 5013 767 5084 Gbristus,
778 5016 825 5073 dic
838 5017 921 5074 nobis
976 5020 1126 5076 cumdatus
1141 5023 1184 5074 est
1200 5037 1217 5074 a
1230 5020 1337 5076 iudeis
1353 5041 1367 5070 ιι
1385 5019 1514 5076 Christus
1529 5017 1577 5077 lua
1597 5015 1717 5085 mundl;
1733 5022 1760 5071 at
1775 5015 1805 5070 in

89 5105 194 5175 palam.
212 5127 225 5156 ιι
242 5103 455 5176 vigilantissimi
467 5107 626 5162 animarum
642 5118 756 5160 suarum
779 5106 920 5172 custodes,
976 5107 1150 5178 legecestra
1177 5108 1315 5180 scriptum
1342 5115 1394 5178 est,
1420 5109 1486 5180 qula
1509 5109 1629 5166 ducrum
1655 5104 1806 5164 bominum

88 5201 116 5249 at
132 5195 168 5251 de
183 5211 235 5252 sua
249 5197 341 5253 salute
357 5196 485 5268 solliciti,
502 5194 621 5252 multum
648 5193 921 5264 dolebant,quotias
976 5197 1172 5254 testimonium
1198 5213 1293 5254 rerum
1324 5205 1365 5254 est
1391 5197 1479 5270 (licat.
1506 5197 1576 5269 ιιι).
1605 5194 1805 5266 »simiasque

89 5284 226 5340 adsersus
247 5285 403 5342 Dominum
415 5285 617 5342 conuenissent
631 5281 784 5338 schismata
800 5283 875 5340 inter
889 5300 919 5342 se
976 5285 1094 5342 intulit:
1111 5307 1125 5336 ιι
1141 5285 1199 5358 ligo
1223 5301 1285 5343 sum
1312 5287 1360 5358 qui
1387 5286 1583 5343 testimonium
1608 5282 1743 5357 perhibeo
1768 5283 1804 5338 da

85 5371 158 5437 lieri,
179 5389 302 5444 suasque
316 5374 395 5431 anim
402 5391 434 5431 ss
443 5390 491 5446 per
502 5372 695 5430 dissensiones
704 5371 872 5443 periclitari,
888 5381 921 5430 ut
976 5375 1096 5446 meipso,
1112 5383 1138 5431 et
1154 5376 1350 5434 testimonium
1366 5375 1496 5448 perbibet
1509 5377 1543 5431 de
1555 5391 1601 5432 me
1611 5373 1658 5446 qui
1671 5371 1747 5429 misit
1758 5385 1804 5428 ma

92 5477 173 5518 nunc
189 5461 354 5528 norissima,
368 5465 483 5536 quando
502 5462 683 5519 dicentibus:
701 5479 715 5510 ι
738 5463 920 5520 flamonium
976 5463 1250 5536 Potentiamne),
1269 5485 1281 5515 ι
1299 5479 1377 5521 ιιιι
1392 5464 1422 5520 in
1437 5463 1558 5520 articulo
1585 5461 1735 5536 prasentia
1756 5461 1804 5518 iu-

85 5549 183 5622 babet,
199 5560 229 5610 ιι
243 5551 360 5624 insanit,
376 5554 516 5624 quidenna
527 5549 631 5610 auditis
645 5549 680 5606 ιιι
693 5548 749 5604 atri
760 5549 914 5608 dicebant:
982 5553 1177 5624 terrogationis
1205 5567 1393 5624 responsurus
1420 5552 1490 5609 illud
1518 5554 1592 5626 quod
1615 5567 1672 5610 non
1696 5550 1726 5608 in
1746 5549 1809 5608 sola
