3962 6046
115 213 195 274 ldll
611 208 660 267 DE
681 205 867 271 Vtuuuuta
887 206 1006 272 veltet
1030 210 1105 272 cut.
1129 244 1166 258 ·-
1188 213 1264 275 ΗΒ.
1287 215 1324 275 V.
1747 223 1825 284 1318

116 347 154 403 de
169 343 239 402 filiis
249 342 402 416 ejusunus
416 337 546 398 absalon
558 342 698 398 eruentus
708 337 943 397 iratrainterem·
958 342 984 410 Α
1000 340 1118 399 illorum
1133 343 1288 418 aliquoties
1298 343 1427 403 cobiberi
1437 346 1621 420 potuit.Nam
1632 352 1661 405 et
1672 349 1826 410 Dealtehu

118 440 170 510 pto
185 435 216 491 iu
231 432 329 506 ipsum
345 435 459 505 patrem
471 445 555 488 arma
570 427 705 502 arripuit,
715 427 863 502 expellens
877 444 945 486 oum
1001 431 1107 491 deleuit
1122 434 1157 491 da
1174 434 1275 506 lsrael,
1287 437 1337 494 sed
1353 436 1491 494 vitulosa
1506 438 1664 512 semetipso
1677 439 1765 498 lsrael
1781 459 1828 500 ex-

115 527 154 582 de
171 539 272 598 regno,
284 526 313 580 et
328 520 458 578 animam
473 521 538 592 ejus
554 523 733 590 querebant
750 523 884 592 regnaret
894 536 945 591 pro
1001 523 1149 597 cogitavit,
1169 528 1198 582 et
1212 543 1305 598 neque
1319 526 1404 598 John,
1419 544 1515 601 nequa
1541 528 1699 602 quisquam
1723 549 1826 606 rogum

119 612 181 671 illo.
192 614 272 679 Quod
288 612 313 669 si
325 615 477 686 peractum
487 609 665 680 luissetjtm
681 609 809 682 prolecto
825 624 946 682 serpens
1002 612 1090 672 lsrael
1105 631 1122 671 a
1137 614 1218 674 cultu
1233 615 1350 674 illorum
1366 634 1498 690 unquam
1514 621 1647 677 recessit.

118 703 192 760 illud
208 705 297 774 ceput
312 700 447 770 haberat,
463 715 514 773 per
537 698 614 772 quod
639 698 760 755 verbum
775 697 826 755 Dei
848 698 947 772 impu·
1322 719 1438 778 CApUrp
1459 723 1511 780 111·

118 809 221 866 gnare,
237 790 468 862 ffl0ffl⁰fitmq¹¹⁸
483 789 548 862 ‘5¹¹³
564 804 629 846 ⁸⁰³⁰
643 788 759 846 ³b⁰¹⁰i⁰
773 805 860 863 D⁰⁸⁸0
880 805 946 860 ⁸1³⁰·
1002 808 1056 865 lioe
1069 815 1155 882 caput
1165 813 1275 868 tametsi
1285 813 1353 869 mite
1367 811 1517 880 videretur,
1527 819 1613 870 torreat
1633 830 1710 886 oeque
1725 822 1754 871 at
1766 816 1829 872 reti·

118 889 209 942 reret.
239 883 303 940 Non
334 883 375 939 ite
395 881 501 953 evenit,
526 881 577 938 sed
608 881 734 938 llbsalon
763 884 890 947 mortuo,
919 883 949 937 et
1140 898 1194 955 qua
1207 885 1396 955 perniciosum
1410 886 1498 956 sotsac
1512 887 1615 958 populo
1631 887 1689 942 Dei.

118 974 210 1032 David
225 973 316 1030 vitam
329 987 396 1029 cum
422 986 494 1043 paee
519 967 685 1044 compleuit,
701 974 731 1026 at
744 971 905 1028 succedens
922 967 948 1026 ai
1038 969 1105 1035 Qua
1121 976 1221 1030 autam
1238 973 1328 1031 iacies
1344 989 1377 1031 ea
1393 973 1534 1031 omnibus
1550 974 1698 1048 capitibus
1713 976 1773 1033 sive
1786 977 1830 1034 iu-

122 1063 202 1120 fllius
226 1065 373 1132 sensatus,
398 1059 549 1130 Salomon,
571 1074 638 1118 eum
661 1073 731 1130 paea
756 1059 897 1132 regnavit,
920 1062 950 1115 ot
1003 1057 1104 1118 clebus
1119 1061 1276 1119 aduersarii
1291 1079 1367 1136 sapa
1393 1064 1464 1121 dicti
1484 1063 1526 1120 ita
1551 1065 1647 1137 potnit
1673 1070 1830 1123 mansueta

118 1153 240 1210 domum
256 1151 337 1224 pacis
358 1148 469 1207 nomini
488 1147 602 1206 Domini
625 1147 792 1206 aedificavit.
817 1147 948 1205 Tandem
1002 1151 1105 1221 videri,
1122 1156 1156 1209 ut
1170 1153 1521 1214 istaiaeieavitulitddtt
1537 1155 1635 1214 Dacica
1652 1155 1715 1213 aliea
1730 1161 1828 1214 truces

95 1247 98 1254 '
118 1247 275 1318 peccatum
292 1241 426 1314 ejusdem
442 1239 622 1310 Salomonis,
637 1239 801 1314 malignam
815 1238 948 1312 oJusdom
1003 1245 1083 1312 sunt,
1099 1241 1212 1300 scilieet
1228 1243 1317 1302 iacies
1332 1245 1480 1318 draconis,
1496 1246 1582 1304 iacies
1607 1247 1713 1313 leonis,
1740 1247 1830 1304 iacies

119 1328 948 1406 serpentieintantionamadjuvit,utscindereturrcgnum
1004 1331 1077 1401 ursi,
1094 1331 1183 1390 lacios
1198 1335 1292 1406 perdi,
1309 1335 1396 1393 iacies
1409 1335 1510 1393 bestia
1525 1336 1664 1393 terribilis
1679 1342 1707 1394 et
1733 1337 1828 1408 tortis,

118 1421 209 1480 lsrael
225 1437 243 1478 a
258 1421 345 1477 domo
359 1419 450 1476 David
472 1422 611 1490 suscepto
635 1418 789 1476 Jaroboum
813 1415 874 1474 filio
889 1417 947 1474 Ne·
1006 1421 1107 1480 dantes
1122 1423 1231 1482 ferreos
1246 1423 1393 1495 habentis,
1410 1427 1589 1484 comedentis
1603 1431 1690 1500 atque
1707 1428 1831 1484 commi·

116 1510 232 1578 baloth,
245 1509 295 1582 qui
311 1514 340 1566 et
354 1507 493 1566 continuo
509 1507 584 1566 duos
594 1506 703 1566 vitulos
713 1523 818 1565 aureos
833 1505 911 1577 lecit,
921 1510 951 1564 et
1005 1512 1135 1584 ouantis,
1152 1513 1310 1586 etreliqua
1332 1516 1457 1589 pedibus
1472 1517 1683 1586 conculcantis,
1700 1533 1751 1589 per
1765 1532 1832 1589 qum

120 1599 196 1658 dixit
206 1616 212 1656 :
224 1599 320 1656 «Ecce
330 1597 434 1667 diitui,
445 1597 546 1667 lsrael,
558 1595 609 1670 qui
619 1595 783 1654 eduxerunt
794 1604 819 1654 te
831 1597 951 1653 deterre
1005 1603 1165 1676 significari
1175 1604 1237 1676 jaer
1254 1605 1383 1663 diximus
1397 1623 1497 1680 regna,
1514 1624 1578 1679 quae
1594 1611 1693 1664 contra
1707 1606 1832 1678 promis.

117 1690 233 1764 AEgypti
257 1690 307 1763 (ill
331 1691 392 1760 lieo.
417 1687 480 1758 χιι).
502 1709 516 1738 u
541 1685 584 1744 lbi
609 1702 640 1744 se
668 1687 759 1744 erexit
783 1687 948 1744 seeundum
1005 1692 1098 1750 sionis
1123 1695 1253 1752 Verbum
1279 1697 1512 1768 persecutionem
1538 1698 1679 1766 lecerunt,
1705 1712 1828 1768 reguum

118 1785 209 1855 caput
221 1779 400 1848 draconis‚at
413 1777 444 1834 in
454 1777 505 1836 illo
516 1777 609 1850 cupite
622 1776 710 1834 lacios
722 1775 778 1833 luit
791 1776 874 1834 vituli
885 1793 948 1834 cor·
1003 1782 1222 1858 OEgyptiorum
1235 1803 1356 1859 regnum
1371 1788 1605 1861 Babyloniorum,
1617 1804 1739 1862 reguum
1757 1792 1828 1844 Per·

121 1872 187 1927 nuti
202 1869 348 1942 coepitque
363 1872 524 1941 cornupeta
538 1881 603 1923 essa
618 1864 765 1938 diabolus,
793 1866 905 1940 agendo
921 1868 950 1922 et
1003 1889 1103 1931 carum
1128 1879 1156 1932 et
1171 1875 1334 1945 Medorum,
1352 1893 1477 1950 regnum
1500 1878 1678 1948 fimorum,
1705 1893 1828 1952 regnum

122 1958 327 2033 compellendo
337 1975 389 2032 per
403 1957 461 2014 vim
473 1956 595 2031 regiam,
610 1959 642 2012 ut
652 1955 813 2013 vitulorum
828 1955 948 2014 simule·
1003 1963 1214 2022 Romanorum.
1226 1966 1325 2023 Facies
1338 1967 1394 2024 ista
1408 1967 1505 2036 vituli,
1520 1968 1609 2025 iacies
1624 1972 1670 2026 est
1685 1968 1830 2041 mitis,por

118 2067 169 2108 cra
185 2066 237 2124 pro
252 2049 312 2107 Deo
329 2048 504 2106 colorantur.
1003 2068 1104 2124 quem,
1117 2059 1149 2110 ut
1164 2053 1274 2111 dictum
1295 2059 1351 2123 est,
1369 2057 1524 2114 denotatur
1539 2073 1664 2130 regnum
1678 2056 1779 2125 lsrael,
1795 2073 1831 2112 ox

446 2154 563 2212 CAPUT
582 2155 621 2216 ῃ,
1003 2157 1062 2214 quo
1078 2143 1233 2202 Jaroboum
1244 2144 1353 2202 vitulos
1368 2163 1473 2204 aureos
1489 2147 1566 2204 lecit.
1581 2147 1657 2206 Num
1668 2163 1735 2217 ergo
1751 2147 1829 2202 sieut

121 2249 253 2320 Quamvis
266 2247 352 2304 mam
367 2245 435 2303 aaut
450 2247 610 2316 servierim,
625 2248 651 2301 pp
666 2242 857 2312 adoraverim,
871 2243 947 2299 vitu.
1003 2231 1091 2288 iecics
1104 2231 1161 2290 ista
1176 2231 1594 2307 mitioresttaoisbusillis,ito
1606 2251 1728 2309 regnum
1740 2234 1831 2292 lsrael

255 2320 313 2375 tam
327 2322 421 2374 tomen
435 2326 517 2390 caput
528 2317 698 2376 idolotatria
709 2318 806 2388 fuisse.
1002 2319 1106 2378 mitius
1121 2338 1210 2394 quem
1233 2322 1284 2381 illa
1299 2340 1390 2399 regna
1412 2325 1482 2398 egit,
1498 2327 1596 2383 minus
1621 2325 1745 2382 nocuit?
1770 2325 1830 2380 lmo

155 2409 396 2481 Ouautumputas
406 2403 877 2465 contraverbumDominivitulus
887 2403 947 2486 itta,
1001 2416 1111 2483 quanto
1124 2413 1218 2486 magis
1229 2414 1576 2487 domesticuaerat,tanto
1591 2414 1704 2486 maiora
1719 2414 1828 2472 damna

120 2498 183 2555 imo
200 2499 229 2555 in
241 2499 333 2555 vitulo
348 2494 490 2570 diabolus,
501 2495 565 2569 ipse
573 2496 696 2553 vibratis
711 2495 852 2553 cornibus
867 2494 947 2552 insa·
1002 2500 1081 2572 tecit,
1093 2505 1171 2559 tanto
1187 2501 1281 2575 magis
1296 2503 1419 2561 domum
1431 2504 1582 2562 subuertit.
1599 2503 1673 2571 Quid
1688 2503 1767 2560 enim
1783 2501 1827 2559 vel

123 2587 222 2645 nivitt
237 2587 496 2661 «·Domina,iuquit
511 2587 600 2658 Dlies,
614 2585 718 2644 alteria
728 2590 780 2642 tua
794 2586 947 2643 destruxe·
1002 2594 1145 2662 quantum
1163 2591 1258 2650 suerat
1272 2598 1383 2664 actum,
1396 2595 1467 2651 dum
1484 2593 1589 2652 occisis
1605 2592 1757 2667 prophetis
1771 2593 1828 2650 Do·

120 2683 200 2750 runt,
221 2683 250 2736 et
274 2678 431 2753 propbetas
446 2683 514 2736 tues
537 2679 709 2735 oeciderunt
726 2675 834 2750 gladio,
851 2679 879 2732 et
894 2691 947 2748 ego
1002 2679 1085 2747 mini,
1098 2684 1128 2738 et
1142 2682 1222 2738 omni
1236 2683 1344 2756 populo
1360 2688 1501 2758 sequente
1512 2679 1790 2756 imperiumteanbel
1801 2683 1830 2738 et

121 2767 283 2826 derelictus
299 2785 363 2826 sum
381 2767 473 2840 aolus,
490 2771 518 2824 et
544 2771 680 2842 quarunt
695 2767 825 2823 enimam
851 2779 946 2821 maem
999 2768 1112 2840 Achab,
1123 2769 1220 2827 solum
1236 2787 1268 2828 se
1284 2773 1455 2830 derelictum
1467 2779 1583 2846 putaret
1595 2772 1684 2838 Dlias,
1700 2771 1768 2828 licet
1780 2787 1829 2828 su-

117 2858 439 2932 (lVllep.x1x).»Jam
463 2857 583 2931 quidem
600 2857 688 2915 lsrael
714 2855 828 2913 colebat
856 2854 945 2910 etiem
1002 2865 1154 2930 parassent
1169 2865 1281 2933 septem
1307 2861 1399 2920 millia
1421 2863 1563 2926 virorum,
1581 2877 1708 2933 quorum
1733 2875 1829 2930 genere

118 2948 201 3017 3³8¹,
225 2953 330 3023 figente
343 2948 469 3006 Jeztbel·
486 2949 521 3004 Di
536 2948 590 3005 δοῦ
608 2945 731 3010 addidit.
757 2943 854 3018 inquil
867 2941 946 2999 Soti·
1002 2963 1059 3004 nou
1076 2951 1146 3004 sunt
1169 2948 1320 3007 incurvata
1335 2951 1427 3007 Beati
1442 2953 1475 3007 St
1489 2951 1608 3022 quidem
1636 2948 1704 3006 Bnal
1720 2948 1829 3004 delevit

119 3043 218 3110 ptura,
231 3059 246 3088 «
258 3037 357 3095 Achab
367 3039 396 3094 in
408 3052 556 3110 operesuo
567 3032 945 3105 irritansDcminum‚quod
1000 3035 1075 3093 Jebu
1092 3038 1127 3094 de
1141 3039 1241 3109 lsrael,
1256 3041 1360 3113 etjam
1371 3040 1483 3096 dictum
1499 3044 1554 3108 ast,
1564 3039 1614 3094 aad
1628 3038 1727 3095 cultus
1741 3033 1827 3091 vituli

122 3127 236 3184 scilieet
250 3126 444 3184 servivitBaal
460 3131 489 3183 et
502 3127 633 3184 adoravit
648 3125 763 3182 illum.»
777 3124 833 3180 Sed
849 3119 946 3179 omnis
961 3105 983 3174 C
1000 3128 1030 3182 et
1053 3127 1195 3200 populum
1218 3145 1285 3185 eum
1313 3128 1430 3200 regibus
1456 3126 1685 3185 irrevocabiliter
1703 3130 1822 3198 captum

123 3215 265 3273 idolatria
289 3221 377 3289 ceput
397 3218 428 3273 in
455 3215 544 3273 lsrael
569 3215 667 3273 cultus
691 3218 754 3274 erat
776 3212 946 3270 vitulorum.
1002 3221 1101 3276 mente
1115 3219 1222 3290 tenuit,
1232 3222 1261 3275 et
1270 3221 1387 3276 tautum
1402 3217 1540 3275 ellecitut
1552 3216 1715 3274 translatus
1732 3212 1820 3272 lsrael

123 3305 309 3364 Numetttual
320 3305 820 3380 atcateraportenladacmoniorum
836 3306 872 3362 ab
881 3302 948 3361 aliis
1002 3308 1126 3364 deterre
1140 3323 1204 3376 sue,
1220 3323 1340 3379 corpore
1351 3323 1467 3380 quoque
1478 3305 1611 3380 captivus
1627 3306 1719 3372 fieret,
1731 3302 1824 3375 capti·

122 3397 260 3468 gentibus
275 3402 477 3471 susceperunt,
498 3397 623 3454 vitulum
639 3400 735 3454 autam
753 3403 784 3452 ut
807 3395 946 3462 celerant,
1001 3397 1089 3454 vitate
1104 3395 1256 3454 insolubili
1267 3395 1576 3469 predicenteDemino
1589 3395 1619 3452 in
1630 3394 1719 3451 Osca:
1735 3391 1826 3458 «Quia

121 3503 204 3560 reges
219 3487 310 3545 Israel
326 3505 344 3544 a
358 3488 524 3560 semetipsis
540 3487 790 3562 excogitaverunt,
808 3491 837 3544 et
852 3487 882 3544 in
897 3485 947 3544 illo
1002 3502 1060 3544 non
1076 3487 1182 3544 addam
1199 3486 1277 3544 ultra
1291 3486 1423 3544 misereri
1440 3486 1541 3543 domui
1558 3485 1657 3550 lsrael,
1680 3483 1731 3540 sed
1747 3480 1825 3538 obli-

122 3578 230 3636 scelero
246 3593 348 3634 omues
359 3581 628 3650 perseveraverunt.
641 3577 763 3634 Undoiu
780 3577 864 3645 Osee,
880 3591 947 3634 cum
1001 3576 1086 3634 aione
1102 3575 1257 3634 obliviscar
1282 3593 1395 3646 eorum,
1411 3580 1440 3633 et
1456 3574 1557 3633 domui
1571 3577 1647 3631 tudo
1666 3572 1826 3630 miserebor

122 3668 245 3725 dixisset
261 3669 402 3726 Dominus
418 3670 453 3726 de
469 3669 588 3743 regibus
603 3674 630 3726 ot
657 3669 841 3742 principibus
864 3667 947 3724 illis:
1002 3664 1087 3737 (Dece.
1107 3666 1139 3738 ε),
1158 3685 1171 3718 a
1187 3665 1216 3721 id
1240 3669 1294 3734 sat,
1311 3666 1411 3722 decom
1438 3665 1574 3722 tribubus
1598 3665 1653 3720 sub
1669 3661 1779 3735 Asyriis
1795 3662 1825 3717 in

121 3781 136 3810 «
160 3759 317 3831 Usquequo
343 3774 401 3816 nou
428 3762 566 3832 potarunt
590 3759 755 3830 emactari,
769 3779 784 3809 a
811 3756 948 3814 continuo
1003 3751 1825 3827 perpatuacaptivltatepermanentibus,tribumtudade

121 3865 242 3904 causam
258 3849 344 3904 iatam
360 3848 535 3921 subjunxit:
553 3848 649 3914 «Quin
665 3864 699 3904 cx
714 3847 803 3904 lsrael
814 3847 877 3920 ipse
891 3849 946 3915 ost,
1002 3841 1178 3916 Babylonica
1194 3842 1362 3915 captivitate
1379 3844 1531 3908 revocabo,
1548 3846 1614 3913 post
1638 3839 1826 3913 septuaginta

121 3937 224 4002 artilex
246 3937 313 3995 lecit
328 3936 424 4009 illum,
441 3942 469 3994 et
486 3954 544 3995 nou
561 3942 605 3995 est
629 3937 718 4008 Deua,
735 3959 750 3988 ε
775 3935 950 3994 subauditur
1003 3948 1107 3990 annos.
1119 3934 1226 3990 Caetera
1240 3948 1329 4006 regnu
1344 3929 1481 3988 lsraelem
1492 3931 1522 3986 in
1539 3945 1658 4002 corporo
1675 3943 1828 4000 percusse-

120 4029 243 4101 vitulus,
254 4029 289 4088 do
304 4047 362 4102 quo
377 4031 558 4102 premiserat
570 4046 577 4087 τ
590 4052 603 4080 c
617 4031 764 4102 Projaotus
779 4032 824 4086 est
838 4027 949 4085 vitulus
1003 4029 1081 4095 runt,
1097 4039 1220 4097 ragnum
1236 4021 1325 4080 Israel
1341 4021 1370 4077 in
1387 4021 1487 4077 anime
1502 4021 1694 4093 semetipsum
1710 4014 1826 4082 oceidit,

123 4125 192 4178 tuus
207 4119 342 4177 Samaria
365 4119 442 4193 (Osee
463 4121 536 4192 aru).
553 4143 567 4171 u
584 4119 618 4176 itt
632 4124 678 4176 est
697 4134 822 4178 sensus:
839 4119 949 4176 Idcirco
1003 4112 1162 4170 occidendo
1177 4112 1336 4186 propbetas
1350 4110 1467 4168 Domini
1484 4115 1603 4184 propter
1616 4107 1736 4178 vitulos,
1752 4121 1826 4179 quoe

123 4225 208 4280 reges
218 4212 247 4265 ct
260 4209 408 4282 principes
419 4209 508 4266 Israel
518 4226 575 4267 uon
590 4215 714 4282 possunt
726 4209 878 4266 emundari
890 4207 949 4264 siva
1004 4202 1103 4260 nullus
1117 4219 1151 4259 ex
1166 4202 1286 4274 regibus
1296 4200 1385 4258 lsrael
1401 4199 1565 4274 relinquere
1579 4199 1681 4256 voluit.
1696 4196 1828 4253 Habebat

125 4297 280 4354 rovocaria
294 4297 373 4355 cultu
387 4297 481 4368 vituli,
493 4297 562 4370 quie
578 4315 636 4356 non
650 4314 702 4371 per
711 4297 907 4372 ignorantiam
919 4297 949 4353 in
1004 4293 1092 4351 etiam
1103 4308 1172 4350 cum
1183 4291 1299 4364 reginvi
1310 4291 1469 4363 quemdam
1481 4289 1686 4363 hyprocrisim.
1699 4287 1731 4342 ln
1743 4285 1828 4358 quot

125 4387 177 4445 illo
192 4392 324 4462 peccunt,
341 4389 391 4446 sed
412 4404 465 4462 per
490 4390 633 4448 malitiam
649 4393 678 4446 et
700 4406 758 4447 non
783 4389 820 4446 ab
844 4387 949 4446 exteris
1004 4383 1037 4440 In
1048 4398 1082 4439 eo
1092 4381 1375 4454 videlicet,quedore
1386 4379 1531 4438 retinebat
1541 4384 1569 4437 at
1581 4376 1829 4437 commemorabat

122 4475 259 4550 gentibus
269 4477 380 4550 decepti
394 4475 507 4534 cultum
521 4478 585 4550 ejus
596 4481 799 4552 susceperunt,
813 4478 862 4534 sed
879 4479 989 4546 nse-1)
1004 4471 1148 4530 beneflcio
1172 4470 1233 4528 Dei.
1250 4469 1302 4527 Por
1315 4469 1371 4527 hoo
1394 4469 1573 4542 nequissime
1589 4482 1724 4541 peccans,
1750 4465 1828 4537 quod

123 4565 250 4638 metipso
272 4567 521 4639 excogitaverunt.
538 4565 620 4624 Unda
643 4571 671 4624 et
696 4583 823 4640 congrua
838 4566 949 4624 dietum
1005 4560 1086 4617 illics
1102 4559 1243 4617 beneficia
1257 4560 1346 4618 mutis
1361 4564 1391 4617 et
1404 4557 1638 4617 inanimantibus
1664 4553 1830 4613 ascribebat

122 4658 182 4712 eat:
192 4655 336 4727 «Artifex,
348 4678 361 4708 a
371 4657 483 4714 scilicet
493 4657 649 4715 Jaroboum
662 4657 950 4727 «tacititlumpsieut
1005 4647 1163 4708 vitulorum
1174 4649 1342 4707 simulacris
1353 4649 1478 4708 dicendo
1491 4666 1498 4707 :
1511 4650 1603 4706 aDcoe
1614 4647 1653 4703 dii
1664 4644 1716 4712 tui,
1726 4641 1826 4710 Israel,

124 4743 268 4817 scriptum
285 4749 348 4803 est:
367 4746 532 4820 «Dixitque
547 4747 702 4804 Jaroboum
719 4747 748 4802 in
774 4747 861 4803 eorde
877 4763 947 4806 suo:
1006 4740 1056 4814 qui
1072 4745 1100 4797 te
1115 4741 1278 4798 eduxerunt
1296 4742 1332 4798 de
1358 4746 1436 4799 terra
1456 4741 1582 4814 AEgypti
1608 4739 1643 4794 ut
1662 4732 1829 4792 celebrabat

123 4833 206 4891 Nunc
218 4839 376 4892 reuertatur
386 4851 510 4909 regnum
521 4837 557 4892 ad
565 4835 686 4892 domum
698 4835 799 4904 David,
811 4835 835 4890 si
848 4851 949 4892 asceu-
1005 4831 1082 4888 diem
1092 4830 1263 4898 solemnem,
1273 4831 1303 4888 in
1314 4846 1415 4888 mense
1430 4837 1531 4886 octavo
1545 4827 1657 4885 decimo
1667 4822 1770 4896 quinto
1780 4821 1828 4876 dis

123 4925 200 4982 derit
215 4924 342 4997 populus
357 4925 424 4992 istc,
436 4933 467 4981 ut
482 4925 570 4981 iaciat
585 4923 728 4980 sacrilleia
743 4923 773 4978 in
790 4923 876 4981 domo
892 4924 949 4981 Do·
1006 4919 1126 4991 mensis,
1137 4919 1400 4978 imsimilitudinem
1413 4917 1693 4986 solemnitatia,quae
1705 4910 1830 4968 celebra·

123 5013 195 5070 mini
212 5011 241 5069 iu
252 5012 427 5082 Jerusalem,
442 5019 470 5070 et
484 5013 642 5084 excogitato
654 5011 777 5070 consilio
791 5011 860 5069 iecit
874 5014 949 5072 duos
1005 5009 1092 5066 batur
1108 5011 1136 5066 in
1151 5010 1228 5068 Jnda
1242 5011 1293 5080 (ill
1306 5011 1370 5082 Περ.
1386 5009 1448 5081 xu).
1467 5031 1481 5060 s

121 5101 228 5160 vitulos
244 5119 348 5159 aurcos
363 5103 416 5176 (ill
426 5103 551 5174 liepxu).
567 5123 583 5152 »
598 5131 632 5143 -
648 5124 662 5152 «
680 5101 790 5157 artilex
804 5117 872 5176 ergo
883 5103 950 5162 lecit
1321 5115 1438 5172 CAPUT
1460 5114 1506 5170 lv,

121 5189 946 5262 llluffls‘ttllillJefflblllffl⁰¹⁰⁰Sil⁰l⁰⁰⁰⁰⁸ill⁰fessllssuffl·
1006 5207 1150 5279 Quoduum
1168 5206 1292 5279 primum
1322 5205 1402 5261 Verbi
1431 5204 1480 5259 Dei
1509 5199 1753 5260 luitumodvcraus
1781 5199 1829 5256 troc

122 5279 366 5352 Igitur,quamvia
380 5282 447 5338 Daal
462 5285 491 5338 at
504 5281 598 5338 mulla
614 5280 671 5340 alia
685 5281 858 5340 idololatria
871 5301 950 5342 mou·
1320 5284 1401 5348 tutti
1414 5277 1511 5348 luerit·

121 5372 184 5426 stra
199 5368 308 5425 luerint
323 5372 351 5426 in
366 5370 468 5438 lsrael,
482 5373 580 5428 temen
594 5370 718 5428 vitulum
731 5370 814 5429 illum
826 5372 949 5433 idolola·
1041 5371 1154 5437 Quanto
1170 5383 1237 5439 orgo
1249 5365 1372 5437 nequior
1382 5371 1444 5424 erat
1454 5366 1652 5436 hostis,tento
1663 5364 1830 5437 mejuetan-

123 5456 186 5516 uta
201 5461 290 5529 eaput
304 5460 528 5530 reetodixsrim,
538 5460 608 5534 quia
618 5459 751 5518 videlieet
766 5465 869 5520 catera
883 5480 951 5538 por·
1004 5467 1095 5534 toque
1109 5456 1273 5532 promptim
1284 5457 1552 5530 oportehuludesse
1563 5456 1733 5532 presidium
1741 5454 1832 5512 Verbi

118 5548 198 5604 tante
213 5545 302 5602 lsrael
322 5547 357 5604 ab
374 5551 477 5607 exteris
489 5549 626 5624 gentibus
641 5550 761 5625 accepit,
777 5555 806 5609 et
829 5568 847 5609 a
870 5553 949 5612 cultu
1003 5551 1072 5621 Dei;
1083 5553 1113 5608 et
1127 5548 1286 5606 itatactum
1302 5550 1355 5606 est.
1371 5551 1452 5606 Tune
1463 5549 1541 5606 euim
1557 5549 1754 5623 pturosatque
1766 5561 1829 5605 ere·
