3980 6046
68 267 132 328 909
425 267 630 331 ΟΟΙΙΙΜΙΙΝΤ.
653 265 694 327 ΙΝ
717 261 1003 326 avousutvsltt.
1027 297 1066 314 ·-
1088 269 1159 330 LlB.
1184 270 1236 346 ΙΙΙ,
1260 271 1345 331 GAP.
1370 273 1420 334 lv.
1725 282 1785 346 910
1893 295 1901 304 ’

67 405 231 459 adorantes
255 417 315 458 oos.
345 423 359 452 ΙΙ
388 401 461 458 Vere
486 419 555 476 ergo
580 402 708 460 saniores
735 399 852 454 luerunt
874 399 903 452 st
918 397 946 468 Α
960 399 1203 474 quinquagasimo
1218 404 1265 461 die
1281 415 1344 478 post
1361 407 1602 466 resurrectionem
1620 411 1786 486 ajussuper

71 497 160 560 sunt,
178 508 302 562 quorum
318 492 495 550 venerabilis
511 496 646 550 senectus
672 506 730 547 non
757 489 905 553 diuturna,
961 487 1122 562 discipulos
1136 494 1201 566 ejus
1215 493 1244 549 in
1261 493 1370 567 linguis
1386 496 1479 568 igneis
1495 500 1630 570 apparuit
1653 501 1723 573 (let.
1740 505 1782 576 u).

70 598 171 652 utrque
186 597 308 638 numero
324 599 482 650 annorum,
500 583 549 638 sed
566 583 647 638 canis
672 579 808 638 sensibus
832 577 905 632 inte·
958 579 1784 663 Primalampesspirituseepientireest.Secundaspiritus

72 671 163 726 rioris
180 669 307 728 bominis
323 677 500 743 computate,
522 671 664 744 juvenilis
689 669 788 742 populi
814 667 905 724 iorni·
959 667 1122 726 intellectus
1134 677 1162 726 et
1173 672 1336 745 deindeper
1347 675 1479 734 ordinem
1491 677 1584 736 ceteri
1597 679 1730 752 spiritus,
1742 682 1784 740 sic

71 760 208 815 cationes
223 759 386 833 corrigebat
398 762 477 833 (sap.
494 762 533 833 ΙΙ)
548 779 555 829 ;
572 761 723 830 Deumque
739 764 771 814 ut
791 757 906 812 audiret
959 755 1027 814 utin
1038 758 1175 830 propbeta
1186 759 1319 831 dispositi
1332 761 1571 837 leguntur,super
1582 783 1672 826 unum
1685 768 1784 828 llorcrn

75 848 258 905 sillictorurn
274 849 413 921 gemitus,
426 849 550 922 sapienti
564 847 795 919 interpellatione
805 848 841 902 ad
853 847 906 902 mi·
959 847 1173 916 requiescentes
1187 873 1195 918 t
1213 849 1267 906 hoo
1284 849 1347 906 ioco
1364 851 1515 924 lampades
1532 854 1680 925 dicuntur,
1702 860 1787 929 juxte

72 939 267 995 sericordiam
284 939 427 995 flectebat.
444 939 554 996 idcirco
578 937 762 994 vestimentis
788 935 873 1001 albis,
890 955 904 985 ΙΙ
958 935 1125 1006 prophetam
1138 938 1783 1012 eiium‚eupsrunumoendelabrurnlucentes.

73 1025 102 1080 id
115 1025 748 1098 cstjuounditatersterna,«circumamictis
760 1024 906 1080 scateat
995 1045 1008 1074 a
1026 1023 1057 1078 ila
1075 1025 1103 1080 in
1120 1036 1277 1100 conspectu
1295 1029 1373 1086 sedis
1390 1035 1530 1102 tanquam
1547 1049 1627 1090 mare
1647 1035 1783 1106 vitreum,

71 1131 189 1170 coronae
205 1131 298 1171 aureae
320 1115 349 1170 in
375 1114 521 1186 capitibus
536 1131 666 1183 corumpi
687 1113 757 1186 quia
771 1111 904 1168 videlicet
957 1111 1054 1168 simile
1069 1117 1216 1187 crytalln.
1235 1141 1245 1168 Ι
1276 1121 1316 1176 lo
1340 1120 1440 1191 quide
1468 1138 1547 1180 mare
1573 1122 1601 1178 in
1627 1131 1784 1196 conspectu

71 1220 188 1260 corone
204 1205 267 1276 ejus
285 1204 443 1278 participes
458 1209 538 1272 sunt,
556 1207 642 1276 cujus
658 1209 686 1260 et
697 1217 802 1258 nomen
817 1201 905 1256 haaro-
956 1202 1064 1258 sedis!
1080 1225 1094 1254 Ι
1109 1205 1150 1263 ΑΙ
1167 1205 1222 1262 hoo
1236 1207 1379 1276 videlicet,
1396 1210 1493 1281 utqui
1508 1209 1569 1267 volt
1587 1212 1742 1270 ascendere
1754 1215 1783 1270 in

70 1293 607 1362 ditaverunt,ctollioioiunctisunt.
633 1291 706 1350 Dicti
732 1294 800 1350 sunt
824 1288 900 1344 enim
957 1291 1007 1346 illa
1032 1293 1130 1348 sedem
1165 1295 1215 1350 Dei
1248 1297 1368 1356 introire
1402 1300 1430 1354 in
1462 1298 1535 1356 illud
1571 1317 1690 1371 ragnum
1721 1303 1783 1371 Dei,

70 1379 901 1456 salvatores;quiapopalumDeincperlretsalvaverunt.
956 1379 1139 1451 ingrediatur
1163 1383 1240 1454 licet,
1266 1389 1394 1444 transcat
1425 1389 1473 1446 bio
1498 1407 1588 1457 mare,
1613 1395 1643 1450 st
1672 1392 1783 1450 illumi-

71 1471 201 1545 ltxonpli
228 1473 377 1545 gratier«
403 1474 436 1530 lit
460 1473 658 1530 clamaverunt
682 1470 731 1528 lilii
755 1469 843 1526 lsrael
865 1469 900 1524 ed
957 1471 1209 1543 netursplsndido
1252 1477 1455 1547 predictarum
1494 1477 1698 1550 lampadarum
1735 1483 1781 1540 ΙΙΙ·

71 1562 244 1630 Dominum,
260 1563 311 1633 qui
327 1563 478 1618 suscitavit
493 1565 535 1619 cis
554 1563 742 1634 salvatorem,
767 1558 902 1618 Othoniel
956 1559 1044 1614 mina.
1067 1560 1175 1618 Christi
1201 1579 1328 1635 nemque
1357 1566 1522 1639 baptismus
1551 1583 1630 1626 mere
1659 1568 1779 1640 dicitur,

71 1649 211 1706 videlicet
227 1651 320 1707 illium
336 1651 428 1708 Canes
442 1651 539 1723 (lodic.
557 1654 610 1724 ur).
627 1673 641 1702 ΙΙ
667 1658 767 1708 Aures
789 1665 902 1706 carons
955 1645 1092 1704 videlicet
1108 1651 1366 1721 prosimilitudine
1382 1654 1538 1712 notissima
1563 1656 1653 1714 maris
1677 1657 1780 1727 Rubri,

72 1740 233 1810 pretiosam
243 1739 900 1814 aignlilcsntretributionemglorisssmpitar·
916 1759 941 1829 B
958 1738 1096 1810 perquod
1108 1739 1234 1812 populus
1247 1743 1294 1800 Dei
1306 1744 1342 1801 ab
1353 1745 1519 1818 AEgpptiaoa
1530 1747 1669 1804 servituis
1680 1748 1782 1804 libera·

73 1847 128 1883 nae.
153 1829 239 1886 Porro
262 1833 297 1887 de
311 1831 464 1902 judicibus
489 1831 712 1904 posterioribus,
739 1829 767 1884 ld
793 1833 839 1885 est
866 1827 902 1884 de
958 1829 1006 1881 tus
1022 1827 1171 1884 immolato
1188 1845 1262 1902 agno
1283 1833 1430 1900 transivit,
1454 1833 1607 1892 submerso
1631 1836 1781 1895 Pharaone

73 1918 218 1991 apostolis
233 1919 354 1990 Christi,
371 1927 473 1977 notum
495 1929 538 1976 cst
559 1935 647 1992 quem
672 1935 739 1974 vere
763 1917 902 1988 seniores,
957 1929 1024 1969 cum
1037 1917 1173 1974 curribus
1184 1923 1212 1974 st
1223 1920 1306 1990 equis
1318 1920 1361 1977 vel
1373 1923 1522 1992 equitibus
1532 1925 1594 1980 suis
1604 1925 1701 1996 (deod.
1715 1942 1781 1994 ¹¹¹3

72 2009 101 2062 id
120 2015 166 2065 cst
181 2010 341 2082 sapientes,
358 2010 467 2066 luerint
480 2014 509 2065 ct
525 2010 582 2064 sint
596 2027 602 2078 ;
618 2013 648 2065 et
663 2023 750 2080 qoem
763 2022 828 2063 vere
839 2023 903 2064 ves-
956 2003 1042 2060 100¹·-
1056 2004 1094 2076 ΙΙ).
1104 2008 1180 2066 llere
1190 2023 1257 2076 ergo
1267 2009 1297 2063 in
1309 2019 1465 2082 conspectu
1477 2020 1536 2068 eret
1547 2012 1636 2081 sedis,
1647 2013 1718 2084 quia
1728 2015 1780 2070 ba⁴

71 2099 229 2155 tirncntitia
243 2100 319 2155 albis
332 2099 542 2155 circumamicti
552 2103 622 2156 sunt
632 2103 903 2154 etcoronsseureas
957 2091 1056 2161 ptlerui
1072 2101 1288 2153 sacramentum
1306 2098 1336 2153 in
1347 2099 1412 2169 ipsa
1422 2101 1572 2157 conditum
1584 2105 1629 2158 cst
1640 2102 1782 2174 positione

71 2187 102 2242 in
121 2188 270 2260 capitibus
286 2191 473 2260 aeceperunt,
501 2189 570 2259 qnia
591 2187 722 2243 vicerunt
748 2187 901 2252 mundum,
956 2181 1045 2249 sadis,
1060 2183 1130 2238 dum
1147 2201 1199 2256 per
1215 2192 1338 2242 mortem
1353 2187 1460 2245 Christi
1482 2194 1635 2260 pararetur
1657 2207 1780 2263 regnum

71 2283 285 2348 soporaverunt
295 2277 454 2346 diabolum,
470 2278 903 2349 liberaveruntcaptivumuror·
956 2269 1019 2338 Dei,
1035 2273 1152 2343 quando
1167 2275 1296 2332 lanceato
1313 2276 1402 2334 latare
1418 2277 1493 2348 ojus,
1509 2279 1596 2334 exivit
1612 2285 1733 2352 sanguis
1753 2287 1782 2340 et

72 2365 272 2438 lispopqum
290 2371 319 2423 et
336 2367 546 2438 sempiternam
562 2365 650 2420 vitam
664 2364 901 2438 porchristlgra-
956 2375 1033 2430 eque
1060 2361 1147 2432 (lacn.
1176 2365 1246 2437 xrs).
1274 2368 1313 2420 lix
1343 2383 1377 2422 eo
1406 2381 1533 2438 namque
1563 2368 1643 2440 origo
1671 2370 1782 2442 baptis·

77 2454 149 2510 tiam
166 2455 376 2527 aequis-'epuns
391 2456 546 2527 sequitur:
956 2449 1007 2516 mi,
1026 2466 1090 2505 urox
1105 2451 1142 2506 ab
1157 2453 1258 2508 eodem
1276 2459 1457 2526 resurgente,
1473 2456 1540 2512 dats
1553 2461 1598 2512 ost
1614 2459 1715 2530 regula
1731 2459 1781 2518 ba·

113 2566 127 2594 a
145 2545 178 2598 st
193 2545 227 2600 de
243 2544 348 2600 throno
364 2545 559 2617 procedebant
573 2544 699 2620 luigura,
716 2550 744 2602 ct
762 2561 858 2613 vocas,
875 2550 902 2601 ct
956 2537 1098 2609 ptinendi.
1115 2541 1160 2597 sia
1174 2541 1252 2600 enim
1266 2559 1273 2598 :
1286 2565 1300 2594 a
1312 2543 1430 2613 dantes,
1442 2545 1656 2604 docetsomnes
1668 2553 1781 2620 gentas,

74 2634 219 2689 tonitrua.
242 2655 256 2683 ΙΙ
282 2637 440 2706 Postquam
466 2635 595 2691 seniores
619 2635 708 2691 nostri
733 2635 776 2691 vel
800 2633 903 2690 sedilis
957 2629 1137 2702 baptizantes
1152 2631 1182 2690 in
1203 2633 1322 2691 nomine
1345 2633 1440 2692 Petris
1466 2641 1494 2692 et
1516 2635 1580 2692 Filii
1605 2643 1634 2694 et
1658 2637 1783 2711 Spiritus

77 2739 181 2777 eorum
197 2723 340 2794 disposita
353 2729 423 2780 sunt
439 2724 675 2794 circetbronum,
689 2723 901 2797 fulguraetvo·
955 2721 1047 2776 sancti
1064 2721 1169 2793 (derra.
1190 2725 1301 2798 savrra).
1318 2747 1332 2776 ΙΙ
1357 2727 1411 2796 lbi,
1436 2727 1546 2784 scilicet
1571 2728 1601 2785 in
1626 2738 1781 2802 conspectu

73 2827 135 2881 ces,
150 2815 178 2867 st
194 2813 321 2868 tonitrua
337 2813 509 2886 procedunt,
525 2813 572 2882 qul
598 2819 753 2885 postquem
778 2813 902 2886 apostoli
955 2809 1043 2876 sedis,
1062 2828 1153 2880 mars,
1169 2816 1197 2867 ot
1221 2813 1261 2868 ibi
1285 2817 1444 2885 lampades,
1470 2816 1540 2887 quia
1565 2817 1705 2876 nimirum
1731 2820 1781 2876 ubi

69 2901 187 2971 judices
202 2901 281 2957 orbis
294 2903 456 2972 constituti,
473 2902 602 2959 cilicium
619 2903 795 2975 predicandi
811 2919 901 2978 ‚acce
955 2898 1089 2956 Christus
1103 2917 1208 2972 passus
1223 2910 1276 2970 est,
1294 2907 1323 2958 ut
1340 2904 1416 2960 loros
1430 2905 1519 2960 misso
1532 2907 1634 2962 mundi
1647 2907 1778 2981 principe

74 2989 314 3062 paruntiuigura
324 2991 545 3061 miraculorum,
555 3007 639 3048 voces
652 2993 900 3065 predicationum,
956 2992 1031 3046 Deus
1046 2993 1190 3063 regnarat,
1207 2990 1247 3050 ibi
1259 2995 1288 3046 et
1301 2996 1407 3048 artano
1419 2993 1575 3066 baptisma,
1588 2997 1617 3050 el
1627 2995 1666 3052 ibi
1681 3011 1778 3066 penos·

72 3085 100 3134 ct
115 3079 243 3136 tonitrua
259 3082 519 3138 comminationum
537 3083 571 3137 de
587 3081 801 3153 luturoJudicio
813 3086 899 3153 atque
955 3083 1050 3134 torum
1067 3080 1202 3136 remissio
1218 3085 1306 3153 atque
1320 3082 1478 3153 gratiarum
1490 3081 1615 3154 Spiritus
1627 3087 1720 3140 sancti
1731 3085 1778 3140 di·

71 3169 287 3240 gehennalibus
304 3170 447 3227 melorum
464 3171 557 3242 paenis
572 3173 640 3228 dere
656 3188 712 3228 non
737 3127 937 3246 desiccante
955 3167 1092 3224 visiones.
1109 3169 1178 3224 Erat
1192 3174 1289 3226 autem
1306 3187 1384 3226 mare
1400 3171 1453 3226 boc
1472 3170 1605 3236 vitreum,
1617 3173 1687 3244 quia
1700 3173 1780 3230 vide-

72 3259 133 3314 lloc
149 3265 193 3314 eet
209 3259 285 3330 quod
301 3263 415 3315 Marciae
433 3259 470 3314 eit
483 3276 490 3315 c
505 3281 519 3310 a
533 3260 576 3315 lili
587 3267 684 3316 autem
697 3260 816 3332 proiecti
829 3277 902 3332 prae·
954 3255 1022 3312 licet
1036 3257 1181 3330 baptisma
1197 3275 1301 3332 purum
1326 3261 1370 3316 eat
1393 3275 1427 3316 ao
1450 3259 1592 3328 lucidum,
1619 3278 1723 3334 puram
1745 3279 1779 3320 so

76 3349 249 3403 dicaverunt
261 3347 370 3418 ubique
381 3347 504 3404 Dornlno
516 3355 689 3422 cooperante
699 3354 727 3406 et
737 3365 901 3406 sermonem
955 3345 1118 3418 simplicem
1133 3349 1250 3420 exigens
1265 3350 1478 3406 contessionem
1496 3357 1693 3423 peccatorum,
1705 3357 1733 3409 et
1744 3357 1777 3410 ut

76 3439 282 3508 conllrmantc,
298 3437 492 3508 sequentibus
507 3437 598 3510 signis
614 3441 717 3506 (More.
730 3439 796 3512 rvr).
810 3461 823 3489 ΙΙ
838 3439 903 3496 ileo
955 3437 1004 3507 qvi
1021 3436 1144 3502 accedit,
1159 3453 1215 3492 non
1231 3437 1309 3493 allud
1325 3439 1412 3500 corde
1426 3439 1537 3508 credat,
1550 3442 1579 3494 et
1594 3439 1672 3495 uliud
1685 3441 1779 3497 oonll·

76 3527 189 3595 carnin,
202 3523 447 3599 fulgorasoilicet,
461 3541 545 3582 voces
557 3543 588 3582 ac
599 3528 740 3599 tonitrua,
751 3531 787 3585 ds
798 3529 903 3586 throno
956 3534 1061 3596 icatur,
1077 3528 1151 3584 sicut
1167 3528 1273 3584 vitrum
1291 3545 1348 3583 non
1360 3527 1438 3584 aliud
1451 3528 1581 3586 continet
1596 3529 1675 3586 intus
1688 3546 1778 3602 quam

76 3615 241 3688 procedunt
256 3615 291 3671 ab
307 3631 340 3670 co
353 3615 404 3687 qui
421 3615 504 3672 sodet
519 3633 608 3689 super
630 3617 780 3674 thronum.
804 3619 904 3692 Neque
956 3619 1030 3691 qood
1041 3617 1110 3672 loris
1121 3617 1305 3689 perspicitur,
1319 3633 1376 3674 noa
1387 3617 1468 3674 eliud
1481 3618 1679 3676 lorissimulst
1691 3635 1780 3692 quam

74 3707 156 3763 enim
172 3705 330 3778 fulgurare,
346 3721 430 3762 voces
445 3707 514 3763 dare
528 3715 555 3763 ct
570 3707 700 3763 tonitrus
716 3707 810 3765 iecere
825 3725 842 3764 a
857 3725 903 3764 se·
956 3708 1031 3780 quod
1044 3707 1272 3762 continetintus.
1286 3706 1320 3762 ΕΙ
1330 3706 1354 3764 si
1366 3706 1579 3764 bomineslatet
1591 3709 1784 3778 quemadmo-

78 3797 215 3868 mctipsis
230 3797 407 3868 habuerunt,
424 3797 476 3853 sed
491 3797 645 3854 desursum
662 3805 845 3870 acceperunt.
857 3803 904 3853 et·
957 3794 1279 3853 domistuitsimonille
1290 3795 1785 3869 Magus,Spiritumsauetumeujus

74 3889 157 3942 enim
174 3907 189 3936 a
205 3902 290 3942 omne
306 3885 408 3942 datum
423 3887 567 3958 optimum
579 3891 608 3943 et
620 3888 824 3944 omnedonum
840 3903 904 3960 pcr-
956 3887 1032 3944 887
1050 3885 1161 3940 lumine
1178 3901 1257 3941 mers
1272 3885 1326 3944 hoo
1347 3885 1471 3941 vitreum
1496 3886 1668 3954 translucet,
1694 3885 1784 3942 latere

75 3979 186 4031 lectum
199 3974 354 4031 desursum
371 3982 423 4044 est,
436 3977 615 4032 descendens
630 3993 647 4032 a
662 3977 746 4033 Patre
758 3977 904 4034 lominum
958 3993 1016 4031 nno
1034 3980 1128 4048 potest
1144 3974 1214 4046 (Act.
1234 3974 1308 4044 vau).
1323 3973 1404 4030 Unde
1426 3976 1566 4046 scriptum
1593 3980 1656 4032 eet:
1671 3998 1684 4028 Ι
1709 3977 1786 4032 Sen-

74 4065 178 4131 (larolr.
195 4066 224 4134 Ι).
248 4086 315 4115 Ι-ιι
332 4065 366 4120 st
380 4071 490 4136 septem
508 4065 659 4138 lampades
683 4068 820 4122 ardentes
839 4071 907 4121 ente
958 4071 1023 4121 ctus
1035 4063 1112 4120 enlm
1129 4061 1422 4133 spiritusdisoipline
1435 4063 1553 4136 allogici
1564 4065 1675 4132 lictum,
1687 4069 1716 4120 et
1727 4080 1785 4122 arna

75 4155 228 4222 thronum,
246 4156 295 4226 qui
312 4159 382 4209 sunt
394 4159 504 4226 septem
518 4155 637 4227 spiritus
649 4155 709 4213 Dei.
722 4178 735 4206 ΙΙ
749 4156 908 4212 hotetbro·
958 4154 1094 4210 liberabit
1110 4151 1298 4208 meledictum
1313 4151 1427 4209 alabiis
1442 4153 1516 4220 suis,
1528 4154 1666 4225 quoniam
1682 4169 1785 4210 renum

77 4261 150 4299 num
168 4249 279 4315 septem
297 4243 563 4316 spiritustleisunt.
580 4243 907 4317 lpsicnimillumlnsat
960 4243 1040 4298 illius
1056 4241 1138 4297 testis
1152 4244 1198 4297 eet
1218 4245 1304 4306 Deus,
1322 4243 1351 4297 nl
1365 4242 1462 4298 cordis
1483 4244 1547 4312 ejus
1572 4247 1717 4300 scrutator
1740 4246 1786 4298 est

80 4333 283 4404 sepedictum
301 4347 423 4401 regnum
442 4333 500 4404 Dei,
517 4333 675 4390 Ecclesiam
693 4334 752 4390 bei.
767 4335 828 4390 lllic
842 4333 908 4405 qui·
960 4347 1047 4387 verus
1060 4335 1088 4385 ct
1103 4329 1211 4401 linguas
1228 4327 1308 4383 illius
1324 4327 1438 4385 auditor
1452 4330 1528 4403 (Sep.
1551 4331 1582 4403 Ι).
1601 4353 1615 4382 ΙΙ
1632 4333 1667 4386 ΕΙ
1690 4335 1789 4388 osten·

79 4423 159 4490 dnm,
176 4421 204 4476 id
221 4425 276 4486 est,
292 4421 321 4475 in
338 4419 389 4476 ille
403 4420 495 4493 gloria
510 4423 618 4480 coelesti
634 4424 676 4480 sic
688 4422 865 4488 illuminant,
877 4425 910 4477 ut
962 4421 1035 4476 dens
1050 4417 1130 4490 quod
1146 4416 1246 4473 nullus
1261 4433 1328 4474 eum
1350 4419 1533 4476 contessione
1555 4421 1666 4494 duplici
1691 4419 1790 4480 tallere

76 4511 153 4566 lacte
169 4510 203 4564 od
220 4509 323 4564 taciem
340 4509 456 4566 videant
470 4509 631 4568 claritatem
654 4513 716 4579 Dei,
739 4511 786 4567 bic
812 4513 908 4567 autem
924 4505 948 4570 ll
965 4509 1142 4582 passiacum
1154 4507 1354 4580 promisisset,
1365 4509 1526 4581 ‹aquonipm
1539 4512 1661 4583 spirtius
1674 4509 1788 4568 pomini

79 4599 128 4654 ubi
147 4616 181 4654 ea
197 4605 278 4669 parte
305 4601 506 4674 peregrinatur
531 4602 623 4658 adhuc
648 4599 687 4657 ln'
701 4601 841 4669 Ecclesia,
865 4603 907 4658 sio
963 4597 1084 4670 replevit
1099 4595 1196 4653 orbem
1211 4600 1355 4652 terrarum
1369 4597 1469 4672 illidi,
1483 4621 1496 4650 ΙΙ
1506 4599 1548 4656 its
1560 4601 1686 4656 breviter
1696 4615 1789 4656 enun-

79 4705 145 4744 eam
162 4687 343 4759 illuminant,
360 4697 393 4747 nt
412 4691 543 4748 nondum
565 4691 681 4762 quidem
708 4693 833 4762 periente
857 4693 907 4748 sca
963 4690 1057 4754 tiavit,
1069 4711 1083 4739 u
1099 4685 1269 4758 ethooquod
1282 4687 1521 4746 continetomnia
1535 4689 1687 4748 scientiam
1704 4689 1792 4750 habet

80 4777 167 4849 quasi
184 4795 235 4850 par
250 4781 403 4852 speculum
419 4785 448 4836 et
463 4782 492 4836 in
508 4781 664 4852 enigmata
688 4779 783 4838 videat
808 4783 832 4852 (l
848 4781 907 4838 Cor.
964 4779 1043 4836 vocis
1058 4776 1159 4848 titia).
1177 4777 1352 4842 »Quomodo
1367 4777 1445 4834 enim
1457 4795 1556 4835 vocem
1568 4777 1791 4851 profitentisne·

81 4867 159 4939 xvir),
175 4877 201 4925 ct
217 4871 294 4942 quod
310 4871 382 4926 satis
398 4871 436 4927 sit
449 4871 484 4926 ed
500 4869 691 4929 declarandos
710 4886 830 4941 errores,
860 4889 911 4927 co·
964 4863 1794 4938 salsavevocamstjmicereaaapressitqutcttamcordis

84 4969 206 5030 gnoscat
222 4959 370 5016 veritatem
387 4959 438 5016 Dei
455 4961 540 5031 juxte
564 4960 743 5033 promissum
768 4960 910 5016 dicentis:
965 4952 1793 5026 verusesttestisilgiturquiaccedit,fictusaccedereca

84 5066 98 5094 a
116 5045 190 5100 Cum
208 5051 306 5103 autem
324 5047 433 5104 venerit
448 5047 497 5104 ille
512 5049 633 5123 spiritua
644 5049 785 5118 veritatis,
799 5048 912 5105 docebit
966 5042 1795 5118 vcet‚quiemarevitreumeet,ettotumquodillicagitur

85 5150 137 5191 vos
153 5153 271 5194 ornnem
288 5137 439 5195 veritatem
456 5139 547 5210 (loon.
562 5139 630 5210 xvv).
644 5159 656 5190 Ι
669 5137 776 5210 Exque
789 5139 913 5207 animis,
966 5135 1010 5193 vel
1027 5135 1145 5201 dicitur,
1161 5131 1282 5204 Spiritui
1297 5143 1398 5190 sancto
1414 5135 1602 5208 perspicuum
1625 5136 1679 5190 est.
1706 5131 1794 5188 Porro

88 5225 138 5295 qui
152 5225 211 5282 haec
227 5227 257 5284 in
276 5229 413 5301 passione
429 5245 482 5285 sara
495 5228 682 5300 loquabatur,
708 5231 867 5286 resurrexit
887 5233 915 5286 et
968 5227 1076 5281 vitrum
1087 5222 1164 5280 siout
1175 5221 1316 5290 lucidum,
1328 5221 1368 5278 ite
1379 5228 1407 5278 et
1417 5222 1579 5295 lragileest.
1591 5221 1729 5292 Nunquid
1739 5220 1796 5278 boo

90 5313 120 5369 in
132 5315 237 5372 caelum
254 5319 398 5388 ascendit,
409 5335 442 5374 ex
453 5333 486 5373 eo
500 5319 669 5390 lampadum
685 5319 806 5374 istorum
819 5319 914 5388 splen·
971 5339 985 5366 (ι
1001 5329 1081 5370 mare
1097 5315 1129 5366 ut
1143 5310 1255 5364 vircum
1272 5331 1286 5360 ΙΙ
1302 5310 1342 5365 ite
1356 5315 1384 5366 et
1400 5310 1500 5382 lrsgilc
1515 5325 1631 5382 semper
1646 5308 1721 5368 criti
1732 5309 1796 5364 Non

88 5403 142 5458 dor
155 5405 266 5462 mundo
286 5405 373 5462 letius
395 5406 524 5463 emicuit.
548 5407 659 5463 Lucent
683 5413 780 5463 eutem
803 5413 916 5480 septem
972 5408 1082 5476 utique.
1100 5400 1240 5472 Sequitur
1253 5399 1352 5455 enim:
1369 5422 1383 5450 a
1398 5399 1498 5457 Simile
1520 5400 1666 5476 crystallo·
1684 5420 1698 5450 a
1721 5399 1796 5471 ΕΙΕΟ

88 5488 245 5564 lampades
260 5494 321 5551 istae
335 5511 368 5551 cx
385 5512 443 5551 uno
460 5495 647 5566 candelabro,
668 5501 779 5568 septem
797 5497 918 5568 spiritus
974 5509 1053 5552 mere
1067 5492 1115 5546 hic
1130 5489 1213 5561 prius
1228 5489 1346 5560 quidem
1363 5493 1395 5544 ut
1409 5488 1552 5558 lucidum,
1570 5493 1611 5548 ite
1626 5493 1671 5546 eet
1684 5491 1714 5544 ot
1737 5489 1797 5546 ire-

89 5577 140 5638 isti
154 5599 189 5638 ex
216 5601 272 5640 uno
297 5585 459 5658 eodemque
484 5585 620 5654 Christo;
646 5588 675 5642 et
694 5585 793 5642 lumen
817 5603 918 5642 eorum
973 5585 1042 5658 gile,
1058 5580 1110 5638 aad
1125 5582 1192 5650 poet
1206 5583 1239 5634 ut
1253 5577 1395 5647 lucidum,
1413 5578 1455 5636 ite
1469 5583 1498 5636 et
1513 5579 1651 5638 solidum.
1667 5579 1799 5652 Denique
