3928 6044
103 191 159 252 lut
380 189 432 252 Du
453 189 651 254 atomum.
674 191 820 254 relatu.
843 192 893 254 ΕΤ
913 190 1099 256 PROCESS.
1123 195 1156 258 S.
1179 196 1318 260 saleru.
1343 231 1382 246 -
1402 200 1477 263 LlB.
1499 202 1538 264 V.
1757 213 1814 278 lob

101 327 150 386 lex
160 344 229 402 quaa
240 327 322 401 prins
332 327 362 384 in
373 327 514 386 servitute
524 327 684 400 generavit,
695 332 725 386 et
735 327 854 386 nibilsd
865 343 930 402 per·
945 330 974 400 Α
987 330 1038 386 40
1054 329 1169 391 babens
1184 335 1250 392 vite
1266 353 1345 394 nuno
1360 341 1406 394 est
1421 337 1450 394 iu
1466 338 1511 396 bis
1524 339 1640 399 verbis:
1661 365 1675 392 a
1693 345 1748 402 Dat
1763 346 1817 414 tibi

102 419 216 476 laetum
226 417 348 474 adduxit
359 433 448 490 quam
458 419 802 476 nusoereturseouudum
815 434 931 476 earnem
985 417 1063 476 Deus
1078 421 1113 479 de
1127 439 1192 480 rare
1206 423 1271 482 ooli
1283 429 1312 482 et
1327 425 1362 482 de
1374 425 1553 500 pinguedine
1570 436 1650 487 terre
1662 432 1817 493 abuudan-

101 508 195 580 (Rom.
210 509 282 578 xxxi).
299 506 351 564 Dei
365 505 457 566 Filius
471 522 506 564 ex
521 507 656 565 libertate
669 508 746 566 fidei.
763 508 845 566 lseaa
858 511 932 564 risos
984 505 1815 582 tiamirumeuti,vinietolei.«Promissionemautemvite

100 599 338 669 interpretatur-3
357 601 387 654 et
402 598 470 669 quis
489 595 557 653 talis
578 596 668 670 risus,
684 603 717 654 ut
731 602 777 655 est
790 597 933 654 [lominus
985 595 1092 656 lature
1105 597 1136 656 in
1151 601 1198 657 bis
1213 617 1277 674 que
1293 609 1478 677 sequuntur:
1494 611 1556 664 «ut
1567 610 1696 667 serviant
1707 611 1760 670 tibi
1771 630 1819 686 po·

100 686 190 742 lesus
205 685 341 742 Christus
356 685 408 742 Dei
419 685 528 742 Filius?
539 688 572 743 lu
589 685 741 744 nativitate
755 691 784 744 et
799 695 865 744 aule
879 704 934 743 na·
986 685 1059 756 puli,
1067 691 1096 744 et
1106 688 1229 747 adorent
1240 696 1266 748 te
1274 691 1378 748 tribus.
1391 693 1461 750 Salo
1471 694 1741 757 domiuuslratrum
1754 707 1821 758 tuo·
1917 729 1922 736 ·

100 773 250 830 tivitetem
264 772 345 830 illiue
353 773 446 842 lsaao,
456 773 487 830 in
502 774 665 832 novissima
675 775 881 848 promissione,
893 775 932 831 ri·
988 790 1066 844 rum,
1081 782 1111 834 et
1132 778 1324 836 incurvantur
1345 789 1411 838 ante
1426 786 1455 838 te
1482 783 1534 841 ulii
1556 787 1658 844 matris
1679 793 1746 847 tue.
1762 791 1817 856 Qui

100 865 208 921 serunt
221 864 310 920 ambo
326 867 461 936 parentes
476 864 551 933 ejus,
567 863 697 938 amplius
713 869 810 922 aulem
829 869 931 935 muter,
989 865 1174 924 maledixerit
1186 869 1251 938 libi,
1261 869 1299 926 sit
1311 869 1554 940 illemalediatue,
1564 877 1817 946 etquibenediaa·

101 970 167 1026 que
188 957 257 1009 nato
277 951 326 1009 illo
342 953 433 1010 dixit:
453 974 466 1006 ι
480 953 582 1010 Risum
599 952 671 1010 mibi
686 953 754 1011 leoit
768 954 857 1022 Deus,
872 955 935 1027 qui·
989 954 1027 1009 rit
1041 955 1107 1024 tibi,
1130 957 1383 1016 benedictionibus
1403 960 1560 1032 repleatur.
1580 985 1593 1014 n
1609 963 1673 1021 Tali
1689 985 1816 1040 numque

100 1057 220 1116 eoaque
234 1039 362 1098 audierit
374 1041 533 1098 corridebit
543 1042 614 1099 mibi
629 1043 706 1115 (Gra.
720 1044 792 1114 xxi).
806 1065 821 1094 a
832 1043 934 1102 Nonne
988 1042 1190 1102 benedictione
1200 1047 1336 1106 christus
1346 1049 1518 1121 quiestvita
1529 1055 1636 1108 aeterna
1648 1057 1817 1115 nasciturus

100 1129 173 1186 illud
191 1129 289 1186 simile
303 1135 348 1188 est
363 1130 431 1187 buia
445 1132 525 1205 quod
539 1136 609 1190 usto
628 1131 679 1190 Dei
708 1132 780 1192 Filio
801 1149 836 1190 ex
851 1139 934 1192 utero
988 1135 1215 1205 promittebatur
1230 1138 1266 1193 de
1282 1138 1393 1194 semiue
1407 1139 1481 1210 ejus.
1500 1141 1581 1207 Quod
1597 1141 1641 1198 vel
1657 1143 1743 1216 quale
1762 1147 1818 1202 luit

101 1219 234 1290 Virginis
250 1219 327 1290 (Lao.
344 1219 376 1292 r),
402 1226 496 1276 mater
518 1237 648 1294 superne
668 1221 832 1279 Jerusalem
858 1223 932 1281 risit.
989 1221 1059 1280 illud
1075 1225 1232 1282 eonsilium
1257 1227 1393 1284 Rebeoous
1408 1245 1475 1284 auur
1490 1229 1593 1296 Jaaob,
1609 1230 1637 1286 in
1655 1249 1711 1304 qua
1727 1251 1817 1308 supra

99 1309 177 1366 Risit
189 1309 281 1374 enim,
295 1309 324 1365 id
338 1314 394 1376 eet,
411 1309 673 1384 eautavitgloriam
685 1310 784 1368 Deoia
799 1312 933 1381 excelsis,
988 1311 1118 1371 diximus
1148 1315 1347 1372 assimilatum
1373 1317 1464 1374 luisse
1488 1318 1629 1391 Spiritum
1657 1329 1814 1381 sanetum:

98 1399 933 1472 etoauteudoguudiumsuum,gaudiumnostrum,risum
988 1423 1002 1452 a
1019 1406 1102 1460 Nune
1117 1406 1342 1478 ergaeqoiesoe.
1359 1406 1398 1461 lili
1416 1407 1467 1474 mi,
1480 1407 1608 1466 consiliis
1622 1412 1706 1482 meis,
1717 1436 1730 1464 a
1747 1419 1816 1487 eta,

101 1503 246 1560 magnum
258 1486 431 1545 hominibus
445 1489 528 1545 boue
540 1488 699 1547 vrrluutatis
713 1489 931 1563 evangelizavit.
988 1506 1093 1562 usque,
1107 1513 1121 1542 a
1137 1498 1166 1549 at
1180 1494 1312 1551 vestibus
1327 1495 1401 1550 Esau
1413 1494 1496 1551 valde
1507 1496 1592 1554 bonis
1606 1515 1680 1570 quas
1692 1504 1769 1573 apud
1785 1519 1817 1559 se

100 1599 114 1628 a
127 1576 207 1633 linia
222 1577 342 1650 proprio
353 1576 427 1634 Filio
438 1594 492 1634 suo
504 1578 581 1635 Deus
597 1593 654 1635 nou
668 1579 806 1651 peperoli,
819 1581 869 1636 sed
881 1597 933 1654 pro
989 1576 1116 1636 habebut
1144 1581 1235 1650 domi,
1261 1582 1358 1639 induit
1373 1600 1439 1641 euru
1468 1585 1570 1658 (luia).
1588 1609 1603 1640 a
1630 1588 1732 1647 vestas
1760 1591 1818 1648 illas

99 1665 186 1724 uubis
212 1665 353 1723 omnibus
381 1666 501 1723 tradidit
526 1665 611 1724 illum
631 1668 717 1738 (Rom.
736 1669 838 1741 vur),»
855 1673 884 1726 et
898 1685 933 1726 ex
989 1665 1072 1723 valde
1088 1669 1180 1740 bone,
1197 1676 1294 1728 vestes
1318 1677 1402 1729 erant
1426 1675 1635 1746 sacerdotales,
1652 1695 1727 1752 quas
1753 1679 1818 1738 ideo

100 1755 266 1813 abundanti
279 1759 325 1811 eet
336 1759 480 1812 astruere.
494 1755 600 1812 Notum
612 1755 722 1830 quippe
733 1762 780 1814 eet
791 1758 932 1814 omnibus
946 1717 972 1783 B
985 1757 1137 1831 Scriptura
1148 1769 1243 1818 vestes
1256 1762 1329 1818 dixit
1339 1763 1428 1832 Esau,
1439 1766 1510 1836 quia
1521 1767 1735 1840 primogenitus
1746 1778 1819 1840 erat,

102 1846 178 1919 quod
191 1861 245 1919 per
258 1845 350 1901 istum
366 1844 549 1902 assimilatus
560 1844 647 1902 luerit
661 1846 691 1903 iu
707 1862 740 1904 eo
755 1848 932 1920 qnodabra-
986 1845 1038 1901 sed
1054 1848 1182 1904 Rebeooa
1197 1847 1282 1905 illum
1299 1849 1349 1908 lali
1376 1853 1526 1910 lunotieue
1542 1854 1666 1928 dignum
1683 1875 1740 1916 non
1754 1877 1819 1918 ossa

100 1934 169 1992 bam
178 1935 266 1992 illum
277 1949 366 1992 snum
378 1934 564 2008 unigenitum
574 1941 632 1992 Deo
639 1935 745 2008 jussus
756 1935 785 1992 in
795 1935 931 1994 holocau·
985 1934 1110 1992 sciebat.
1130 1936 1300 1995 Seoundum
1314 1940 1501 2013 mysterium,
1513 1949 1609 2000 vestes
1627 1961 1695 2002 oum
1711 1949 1819 2020 qulbus

99 2031 182 2082 stam
199 2023 308 2082 obtulit
322 2023 400 2096 ,dea
417 2023 498 2098 xxii).
514 2023 604 2082 Jaoub
631 2026 824 2098 supplantator
838 2026 930 2084 inter·
983 2021 1819 2101 benedioioportabatfiliumdignum,suatillaobariema·

100 2119 244 2189 pretatur.
262 2115 298 2170 lit
311 2115 379 2186 quis
403 2113 444 2170 ita
462 2112 667 2187 supplantator
690 2119 722 2172 ut
736 2120 782 2173 eet
801 2115 930 2188 Spiritus
984 2113 1817 2197 taSpiritusseuatiquaeauteoomrnemoravimusaxldpi·

99 2201 309 2261 mustusitteo
318 2203 398 2259 euim
409 2203 548 2260 indecens
557 2208 602 2260 est
612 2209 671 2260 Deo
680 2204 929 2276 supplantationis
983 2201 1060 2260 stole
1072 2202 1153 2260 Pauli
1164 2205 1290 2278 aposloli
1303 2221 1309 2262 :
1324 2222 1421 2265 sermo
1433 2208 1594 2282 sapientie,
1611 2227 1707 2269 sermo
1719 2214 1813 2270 soien-

96 2293 232 2363 verbum‚
249 2292 409 2366 praesertim
434 2309 502 2350 uum
522 2291 552 2348 iu
569 2291 683 2364 psalmo
698 2292 841 2364 soriplum
862 2300 927 2352 est:
981 2291 1038 2358 tire,
1051 2291 1726 2372 tides,gratiasuuitatum,operatiovirtutum,
1737 2319 1807 2375 pro-

97 2406 111 2434 «
124 2387 267 2456 Rasum,
278 2381 412 2451 Domine,
424 2383 549 2455 preveni
560 2399 638 2451 oum,
650 2382 848 2456 etsupplantu
859 2400 927 2442 eum
981 2380 1090 2453 phalis,
1107 2381 1243 2440 diseretio
1258 2384 1429 2457 spirituum,
1445 2402 1551 2458 genera
1566 2387 1744 2462 linguarum,
1761 2393 1805 2450 in·

97 2473 183 2543 (Psoi.
204 2472 276 2545 xrs).
287 2493 302 2522 a
319 2471 511 2539 Subauditur,
535 2471 678 2545 populum
700 2472 869 2542 ludaioum,
894 2481 927 2532 nt
981 2470 1148 2542 terpretutio
1163 2488 1331 2530 sermonum
1345 2475 1367 2548 (l
1382 2477 1444 2532 Cor.
1461 2477 1503 2547 u).
1516 2479 1618 2534 Vestes
1632 2478 1805 2552 hujusmodi

98 2564 252 2620 auferatur
266 2562 310 2618 ais
324 2565 353 2617 et
368 2561 433 2618 aliis
449 2562 546 2631 detur,
563 2576 620 2618 nou
637 2560 733 2618 solum
748 2561 833 2634 illud,
849 2564 926 2634 quod
981 2557 1108 2618 habebat
1118 2561 1246 2618 etbabet
1260 2563 1337 2636 apud
1351 2580 1383 2621 se
1393 2565 1483 2632 domi,
1495 2569 1657 2624 Sflcundum
1670 2568 1808 2628 similitu·

97 2668 150 2725 per
159 2649 385 2708 similitudinem
396 2655 564 2717 tenuerunt,
582 2649 706 2708 diceudo
718 2669 725 2708 :
738 2671 753 2702 o
764 2652 798 2708 lit
810 2652 928 2710 venient
981 2649 1079 2706 dinem
1102 2651 1249 2718 Rebecca,
1271 2652 1366 2724 gratia
1386 2653 1511 2725 Spiritus
1534 2655 1638 2712 sanct?-
1655 2657 1805 2723 Quomodo

100 2739 225 2798 Romani
240 2745 269 2796 el
284 2739 388 2796 tollent
402 2743 538 2796 nostrum
555 2739 650 2796 lunum
667 2745 695 2797 et
708 2745 824 2813 gentem
835 2741 924 2815 (loun.
982 2739 1060 2812 apud
1078 2757 1109 2796 se
1124 2739 1226 2797 domii
1242 2741 1382 2814 utiquein
1399 2749 1542 2814 potestate
1557 2745 1647 2802 dandi
1663 2746 1723 2804 sive
1739 2749 1810 2804 divi-

95 2831 161 2904 ua),
181 2827 416 2886 »verumetiam
433 2845 467 2885 eo
481 2845 546 2900 que
561 2827 679 2886 illorum
695 2829 841 2903 preaipuu
855 2836 926 2889 sunt
980 2828 1079 2899 dandi,
1094 2830 1171 2886 siout
1196 2829 1330 2902 protinus
1355 2830 1397 2887 ait
1422 2832 1499 2888 idem
1521 2833 1695 2904 Apostolus:
1713 2858 1726 2888 o
1742 2837 1808 2896 llaeo

96 2944 109 2970 a
123 2919 243 2992 adoptio
255 2918 925 2994 liliorum,etgloriaeltestamentum,ellagie·
979 2921 1076 2974 autem
1096 2919 1194 2974 omnia
1208 2925 1348 2992 operatur
1368 2937 1447 2976 uuus
1470 2927 1557 2994 alque
1571 2922 1647 2978 idem
1665 2925 1805 2997 Spiritus,

95 3009 178 3078 latio,
194 3019 223 3066 et
236 3008 426 3080 obsequium,
443 3013 472 3064 et
488 3009 631 3080 promissa
651 3009 736 3079 (Rom.
753 3008 803 3081 xx).
820 3031 835 3060 a
979 3005 1112 3064 dividens
1122 3006 1411 3079 siugulisproutvult
1423 3011 1445 3080 (l
1456 3009 1516 3065 dor.
1528 3010 1589 3084 arr).
1599 3033 1613 3062 n
1628 3011 1662 3068 lit
1677 3013 1805 3086 primum

421 3115 601 3173 0391]va
937 3085 960 3150 C
979 3094 1096 3166 quidem
1113 3095 1292 3152 charismata
1311 3097 1372 3152 heo
1396 3097 1505 3166 divisit,
1523 3104 1611 3172 prout
1629 3102 1731 3170 uoluit,
1747 3103 1807 3161 ele-

97 3209 166 3265 um
179 3206 213 3263 pe
224 3206 345 3262 com-pp„
358 3205 493 3272 Regem,
507 3204 638 3276 wat-pe
651 3205 800 3262 ,mmmm
809 3209 929 3279 ,κωφὴ
980 3184 1070 3241 alloni
1085 3183 1166 3240 illius
1176 3185 1277 3258 populi
1292 3185 1442 3244 Israelitioi
1454 3207 1462 3258 ;
1476 3188 1582 3245 deiude
1594 3206 1660 3248 vero
1671 3191 1805 3251 eleotioui

131 3279 272 3351 effaetam,
284 3285 450 3351 puamrecte
459 3275 647 3346 intellipimas
659 3277 689 3332 io
699 3291 731 3332 eo
742 3279 929 3335 arsinoitarum
980 3274 1124 3346 gentium,
1135 3275 1210 3332 laeta
1218 3276 1448 3334 commutatione
1460 3280 1624 3336 seeundum
1634 3281 1805 3340 similitudi·

130 3366 194 3407 ⁶⁸⁵0
208 3349 331 3422 Sillim
356 3349 447 3406 ‘ancli'
465 3350 603 3420 tlm‘fflms
619 3352 646 3404 0²
661 3348 693 3404 ὅθ
707 3350 825 3404 ”nubili
848 3350 929 3408 valdss
980 3361 1805 3443 nemillorumgeminorum,sioutetinpsalmissoriptum

133 3421 213 3480 donis
238 3421 340 3493 quibua
355 3421 436 3476 illum
459 3418 551 3476 induit
565 3425 592 3476 et
614 3419 647 3476 de
662 3421 795 3476 versiculo
807 3421 928 3492 psalmi:

134 3494 253 3565 “Mn
273 3493 351 3549 nom-5
373 3490 565 3550 wast-mum
589 3506 679 3559 mm,
706 3493 822 3563 met-em
847 3493 927 3550 Jacob
978 3451 1804 3562 ast:ablegitnobisbmredilatemsuamepooiemda·

132 3581 214 3637 quem
230 3563 343 3620 appan,
979 3542 1032 3600 eob
1046 3558 1134 3614 quem
1151 3541 1253 3598 dilexit
1267 3543 1351 3612 (Psal.
1373 3549 1460 3612 mvi).
1477 3566 1492 3596 a
1508 3544 1574 3602 Haeo
1595 3563 1674 3604 euim
1690 3550 1804 3624 dicens,

979 3631 1070 3688 mittit
1084 3647 1138 3687 uos
1153 3632 1189 3688 ad
1204 3637 1335 3688 uestram
1351 3632 1517 3690 historiam.
1537 3635 1611 3700 Quia
1626 3636 1802 3714 sleutltsao,

979 3719 1029 3793 qui
1045 3719 1125 3793 prior
1139 3725 1210 3777 natu
1224 3725 1297 3792 erat,
1313 3739 1330 3778 a
1345 3721 1403 3780 Deo
1419 3722 1591 3796 reprobatus
1606 3731 1661 3797 eet,
1674 3730 1702 3784 ei
1710 3731 1800 3788 Jacob

979 3809 1165 3877 dilacerante
1175 3809 1355 3868 israeliticus
1364 3811 1501 3884 papulus,
1511 3813 1562 3886 qui
1579 3813 1661 3888 prius
1673 3819 1801 3888 quadam

978 3899 1180 3956 familiaritate
1198 3900 1252 3956 Deo
1268 3900 1454 3972 sooeptebilis
1469 3908 1541 3969 erat,
1555 3906 1743 3974 postmodum
1758 3911 1804 3963 est

978 3987 1111 4059 rejeotus,
1127 3994 1226 4058 gentes
1241 4001 1307 4042 vera
1323 4001 1386 4058 que
1399 3985 1508 4042 nullam
1525 3989 1590 4059 ejus
1606 3989 1802 4061 coguitionem

977 4075 1008 4134 lu
1019 4074 1120 4148 primis
1131 4074 1310 4143 babuerunt,
1321 4073 1387 4144 ejus
1399 4073 1617 4133 benedietioues
1630 4085 1803 4138 meruerunt

977 4166 1021 4222 vel
1037 4168 1219 4236 receperunt,
1231 4161 1285 4218 boo
1296 4172 1339 4218 est
1350 4163 1428 4235 quod
1439 4162 1509 4220 dicit
1523 4165 1649 4238 speciem
1659 4167 1759 4241 iareb,
1771 4170 1802 4228 id

128 3673 223 3745 Igitur
232 3671 262 3726 in
274 3669 396 3727 oonsilio
409 3667 541 3726 liebeooae
551 3668 629 3741 quod
645 3666 726 3724 dedit
736 3667 796 3726 lilio
815 3687 869 3726 sno
881 3673 928 3729 Je-

92 3761 159 3826 rob,
171 3764 201 3815 et
210 3757 260 3814 ille
271 3759 306 3814 ad
321 3756 420 3814 utilem
433 3755 563 3830 suscepit
573 3755 927 3827 elieotum,assimilatum

91 3865 159 3904 essa
169 3851 245 3904 reete
254 3846 449 3918 intelligimus
460 3843 600 3916 Spiritum
613 3849 757 3903 sanatum.
766 3845 834 3918 lpse
846 3863 927 3904 uam·

91 3953 150 4011 que
165 3936 296 3993 liebeuos
307 3937 337 3991 iu
349 3935 400 3991 illo
417 3936 494 3992 laetu
509 3933 632 4008 gratiam
644 3934 771 4006 Spiritus
785 3937 879 3993 saneti
889 3936 927 3994 si·

89 4025 223 4098 gniliaat.
239 4029 271 4081 in
287 4024 404 4080 duobus
418 4022 487 4079 lllils
498 4024 573 4095 ejus,
587 4040 713 4096 quorum
730 4023 804 4080 aller
818 4047 832 4076 a
849 4029 924 4082 Esau

90 4115 186 4171 laetus
208 4119 266 4183 est,
287 4113 328 4169 sit
347 4111 510 4184 Scriptura,
532 4112 578 4168 vir
605 4129 717 4186 guarus
738 4115 874 4185 venandi,
897 4121 927 4173 et

90 4201 924 4275 homoagricola3alterverotaoob,virsimplex,etha·
1245 4250 1250 4262 ,
1288 4251 1316 4262 ,,
1375 4251 1381 4262 ,
1710 4259 1714 4269 Ι
1768 4263 1773 4272 Ι

90 4295 247 4351 bitabatin
264 4293 475 4363 tabernaculis,
488 4293 698 4349 lseaeamabat
711 4295 786 4349 Esau
798 4307 832 4349 eo
846 4294 923 4365 quod
976 4259 1032 4319 ‘st’
1047 4253 1209 4310 mundum
1226 4251 1452 4310 ⁸¹m¹¹¹t⁰d¹⁰⁶m
1474 4256 1563 4310 '⁸⁰⁰³'
1585 4272 1672 4328 qum
1688 4258 1799 4330 d¹¹0¹¹b

89 4386 125 4442 de
135 4383 345 4442 venationibus
354 4383 925 4455 eiusvesoeretur,etliebeoosdiligebat
976 4367 991 4396 “
1007 4345 1083 4402 ΕΜ
1107 4345 1217 4414 ‘mmm'
1240 4342 1281 4399 ΕΠ
1300 4340 1364 4415 59⁵⁰
1383 4341 1412 4399 5⁰
1437 4341 1592 4418 M⁸¹⁸⁰hi⁸2
1619 4345 1685 4404 ⁰di⁰
1709 4347 1800 4408 habui

87 4477 180 4534 tacet
194 4475 274 4550 (Gen.
287 4473 383 4548 xxxv).
399 4471 600 4545 »Exemplum
616 4473 676 4529 sive
687 4473 918 4546 experimentum
934 4463 958 4528 [l
974 4433 1100 4506 mamm·
1116 4433 1147 4504 ¹)'
1166 4453 1177 4482 '

88 4583 179 4623 verax
193 4564 249 4621 ruit
270 4562 422 4637 Apostola,
438 4567 470 4618 ut
493 4563 602 4620 diceret
617 4561 749 4619 scribens
764 4561 800 4618 ad
822 4561 921 4618 'l'imo-
1290 4554 1405 4612 CAPUT
1420 4557 1482 4614 vll.

89 4655 193 4756 thium
205 4669 212 4710 ²
226 4651 547 4755 “l‘J30f001051'5ufMd
564 4651 717 4754 Pifftftem?
733 4667 802 4752 Ψ
819 4666 920 4724 ⁰⁰‘⁹⁰'
973 4688 1011 4744 De
1019 4681 1234 4740 abarismalr'das
1246 4681 1365 4752 Spiritus
1375 4683 1474 4750 suncti,
1483 4699 1532 4753 per
1541 4683 1608 4742 illas
1618 4695 1703 4744 vestes
1713 4688 1796 4745 bonus

87 4745 161 4802 ralis
172 4745 342 4801 exercitatio
353 4741 388 4798 ad
401 4741 550 4798 modinum
563 4739 705 4810 ulrlrsest,
716 4744 809 4812 pietas
820 4745 919 4796 autem
1009 4755 1148 4828 Marassa,
1175 4757 1202 4810 el
1216 4752 1249 4809 de
1275 4751 1391 4825 mystica
1418 4755 1540 4826 calipius
1564 4757 1706 4815 erularum
1722 4762 1799 4818 lsaao

87 4837 122 4892 ad
135 4831 238 4891 omnia
247 4830 328 4888 utilis
341 4835 399 4898 est,
413 4829 639 4903 promissionem
650 4829 845 4899 habenarum,
856 4847 919 4902 quaa
1009 4824 1202 4894 benedicentia
1217 4831 1245 4880 et
1259 4824 1291 4880 de
1304 4839 1335 4879 eo
1350 4823 1421 4895 qaod
1435 4825 1508 4882 dixit
1520 4827 1640 4900 llopses:
1654 4853 1669 4881 n
1686 4832 1737 4888 dat
1751 4831 1798 4887 da·-

88 4939 166 4978 uuuo
181 4924 228 4978 esi
242 4923 272 4975 el
288 4919 390 4975 lutura
405 4919 429 4989 (l
443 4919 511 4974 lim.
529 4917 578 4991 vr).
595 4939 605 4967 ι
623 4915 769 4988 Corporall
791 4933 919 4990 namque
1008 4901 1087 4956 mitte
1098 4897 1345 4962 eisdaaoaoaam,
1357 4896 1476 4954 ouldele
1487 4899 1798 4973 merlalibrotuopuem

84 5008 297 5067 exercitatione
317 5007 451 5080 seipsum
468 5007 638 5062 extenuabat
653 5005 739 5073 Esau,
756 5009 784 5062 et
799 5004 861 5062 baso
876 5005 919 5062 illi
1009 4981 1159 5043 ’ΜΡΝ
1177 4989 1191 5018 ”

83 5098 363 5156 sicatadmodiuum
374 5095 431 5152 luit
443 5095 536 5166 utilis,
549 5101 578 5153 ul
590 5111 698 5168 magno
709 5092 821 5167 ejulatu
837 5094 917 5151 ilenti
1006 5096 1077 5153 Cum
1094 5093 1153 5150 illis
1168 5091 1298 5148 vestibus
1309 5091 1392 5148 valde
1407 5091 1503 5164 bonis,
1520 5094 1642 5152 oonsilio
1659 5094 1794 5154 Rebecca

85 5191 206 5245 tandem
222 5186 332 5244 dieeret
343 5187 440 5242 lsaao:
459 5207 474 5236 n
489 5185 523 5241 ln
539 5183 716 5257 pinguedine
731 5189 826 5250 terre,
844 5187 872 5240 el
886 5185 915 5241 in
972 5183 1073 5242 matris
1083 5178 1549 5259 ingressusesttsaobadl’etrem
1563 5181 1722 5256 lsaao‚J'am
1736 5201 1793 5243 non

85 5295 150 5335 rore
166 5274 233 5335 areli
247 5276 375 5350 desuper
389 5274 445 5332 erit
457 5274 620 5332 benedictio
635 5277 687 5330 tua
698 5272 774 5346 (Gen.
786 5275 883 5342 xxvii).
901 5293 915 5324 a
969 5274 1129 5337 videntem,
1145 5273 1177 5324 us
1191 5266 1335 5339 acciperet
1347 5268 1591 5328 benedictionem·
1603 5273 1702 5346 Neque
1713 5275 1792 5334 enim

85 5368 195 5432 Quibus
210 5365 309 5424 verbis
326 5363 551 5440 promissionem
567 5363 668 5438 ulique
691 5364 805 5437 aooepit
819 5363 914 5422 salius
969 5373 1087 5441 propter
1096 5359 1161 5416 illua
1172 5361 1268 5414 vastes
1279 5357 1510 5416 benadioliouem
1523 5359 1692 5420 hereditate
1701 5367 1793 5438 possi.

82 5457 143 5514 rite
159 5473 226 5530 que
242 5472 322 5512 nuno
337 5459 393 5512 est.
411 5457 511 5522 Porro,
528 5453 621 5528 pietas
637 5455 666 5511 io
683 5471 742 5528 qua
756 5453 847 5512 Jaoob
862 5468 911 5511 se·
930 5496 935 5504 -
968 5457 1049 5514 daret
1064 5451 1120 5509 uisi
1133 5449 1222 5508 etiam
1238 5446 1435 5519 introgressus
1450 5447 1486 5504 ad
1502 5453 1623 5523 patrem,
1640 5453 1716 5512 sient
1726 5457 1790 5528 jam

82 5547 177 5622 ipsum
188 5548 346 5608 exardebat
358 5546 395 5604 ad
411 5545 602 5606 omniautilis
617 5545 673 5604 luit
681 5545 911 5621 promissionem
966 5547 1079 5605 dietum
1094 5544 1148 5610 est,
1165 5553 1223 5596 nou
1239 5534 1397 5603 videntem,
1420 5537 1509 5596 verba
1524 5539 1738 5606 benediotiouix
1754 5563 1790 5606 ax
