3980 6056
117 287 173 346 ιιι
653 277 863 340 samanar.
887 275 929 334 m
951 273 1066 336 roan.
1089 310 1129 322 -
1151 279 1224 340 ιιε.
1248 281 1300 342 ιι.
1508 239 1509 242 ¹
1736 281 1826 367 ,aas

115 427 160 479 ter
176 421 213 476 ad
227 419 358 476 dextram
375 416 478 472 Petris.
493 415 601 471 Possm
617 414 752 470 eumdem
769 411 942 484 angelorum
959 411 984 476 Α
1003 425 1069 468 mea
1085 429 1186 470 omnes
1203 414 1311 472 mortui
1338 417 1418 483 sont,
1448 413 1477 469 id
1500 416 1554 482 est,
1582 413 1619 469 ab
1644 411 1828 469 hereditario

116 526 162 566 me
177 509 324 566 tribuente
341 503 531 562 manducabit
545 504 644 559 vivens
660 502 759 570 homo,
777 500 862 558 modo
883 497 941 555 sibi
997 505 1101 571 morte,
1118 519 1177 575 qua
1194 505 1222 560 in
1246 504 1334 561 idam
1360 519 1464 560 omues
1484 502 1661 570 moriuntur,
1678 517 1728 572 per
1752 501 1825 558 iliud

115 614 257 671 congruo,
273 611 361 668 quem
377 595 427 650 dat
441 593 526 650 Pater
550 593 597 648 his
622 592 672 664 qui
698 593 894 656 recesserunt,
911 595 942 643 ut
998 605 1106 645 maana
1120 591 1234 648 liberati
1251 609 1308 650 non
1324 593 1470 662 suntsed
1486 607 1538 664 per
1552 590 1632 647 bunc
1646 607 1753 663 panem
1764 607 1827 647 om·

117 687 296 744 manducent
312 689 341 740 ot
353 687 519 756 resurgant,
533 697 610 738 nuno
625 680 742 754 quidem
752 680 868 746 anime,
881 693 943 733 cor·
997 695 1048 736 nes
1061 680 1246 740 vivificantur
1260 683 1355 754 electi,
1372 683 1422 755 qui
1438 682 1482 738 vel
1496 687 1654 754 autequam
1676 681 1724 738 hic
1739 683 1825 753 punis

117 793 188 850 pora
203 775 322 848 quidem
337 775 367 830 in
383 773 430 830 die
455 771 625 829 novissimo.
647 767 940 826 Animadvertendum
997 769 1032 824 de
1042 770 1114 828 cralo
1129 771 1330 842 descenderet,
1345 773 1465 828 luerunt
1481 771 1596 842 urortui,
1609 771 1653 826 vet
1669 778 1826 844 postquam

116 869 161 920 est
176 863 231 920 boc
247 862 319 932 loco,
336 877 402 918 cum
419 860 576 931 utrobique
593 856 698 928 valeat,
714 863 742 914 et
766 873 845 914 nunc
859 854 943 912 vorti·
996 858 1216 918 descenditnati
1227 869 1305 928 sunt,
1316 861 1411 918 eidem
1425 862 1511 918 morti
1522 860 1649 916 obnoxii.
1663 861 1802 932 Sequitur
1819 875 1825 914 ι

116 954 184 1010 bilis
199 950 421 1025 [convertibilis]
437 951 476 1006 sit
488 951 551 1007 haeo
562 949 722 1022 propositio
738 965 745 1003 ε
762 969 777 1000 a
798 947 832 1003 lat
858 945 942 1018 panis
1033 967 1048 998 κ
1064 947 1230 1020 Litigabsnt
1245 967 1313 1024 crgo
1338 951 1431 1007 Judsci
1457 951 1491 1005 ad
1517 949 1645 1006 invicem
1670 949 1799 1005 dicentes
1818 966 1825 1006 ;

118 1059 205 1116 quem
222 1041 360 1114 egodabo
373 1055 441 1097 caro
453 1047 577 1096 meaesl.
594 1060 608 1089 ιι
620 1037 733 1094 illenim
750 1036 810 1093 sive
823 1049 940 1092 carnem
997 1035 1147 1100 Quomodo
1160 1043 1256 1111 potest
1285 1038 1331 1096 bio
1352 1038 1436 1094 nobis
1453 1054 1570 1094 earnem
1587 1054 1671 1093 suam
1699 1037 1770 1094 dare
1790 1037 1826 1093 ad

119 1133 154 1187 de
166 1145 240 1203 pane
257 1129 395 1202 prodicos
410 1127 465 1184 boo
481 1128 567 1184 modo
582 1143 590 1181 ι
607 1127 641 1182 iit
657 1125 753 1198 panis,
770 1126 870 1197 (quem
888 1137 941 1195 ego
996 1125 1235 1182 manducandum
1247 1127 1284 1182 i»
1297 1127 1329 1182 Et
1340 1127 1554 1199 supranuando
1566 1125 1674 1182 dixitur
1688 1125 1747 1197 Ego
1760 1141 1825 1182 ειιιιι

118 1221 194 1276 dabo
212 1219 320 1286 diceus,
338 1218 460 1289 accipite
475 1221 504 1274 et
527 1215 693 1288 comedite)
709 1229 776 1271 caro
792 1229 857 1269 moa
884 1215 941 1278 εει,
996 1214 1081 1286 panis
1095 1215 1168 1284 vitm,
1186 1237 1201 1265 ιι
1217 1218 1454 1286 murmurabant,
1468 1223 1585 1290 elnone
1600 1215 1719 1288 quando
1736 1213 1821 1272 dicit:

117 1308 162 1366 vel
179 1325 285 1380 corpus
297 1323 395 1364 meum
410 1309 473 1374 est;
490 1304 551 1362 sive
566 1321 683 1361 carnem
700 1303 735 1360 de
750 1317 825 1375 pana
841 1300 942 1373 predi·
996 1324 1011 1354 ιι
1027 1303 1061 1358 tlt
1074 1303 1158 1376 panis
1173 1321 1258 1374 quam
1274 1321 1327 1378 ego
1342 1305 1417 1362 dabo
1433 1322 1500 1362 caro
1521 1321 1584 1361 mea
1599 1309 1655 1372 ost,
1671 1325 1684 1354 ιι
1701 1303 1823 1360 rebelles

120 1415 181 1466 ces,
196 1397 238 1452 ita
252 1401 283 1453 et
296 1413 362 1452 caro
378 1411 454 1462 mea,
470 1411 534 1467 qaae
546 1381 775 1451 mortuiventre
791 1399 871 1447 terre
882 1389 943 1460 glu·
995 1395 1024 1447 et
1037 1391 1182 1449 increduli
1196 1392 1291 1450 iudei
1319 1395 1355 1450 sd
1383 1393 1505 1450 invicem
1523 1393 1653 1466 litigant,
1678 1409 1823 1464 nusquam

117 1487 217 1544 tiendo
231 1489 286 1555 est,
303 1485 387 1557 panis
403 1488 460 1553 est,
482 1483 551 1555 quia
576 1482 692 1539 relectis
713 1479 838 1537 mortuis
852 1477 941 1534 vitam
996 1481 1101 1538 doram
1118 1481 1224 1538 eruditi
1240 1487 1311 1538 sunt
1327 1482 1441 1539 flectere
1465 1483 1620 1552 cervicem,
1637 1482 1675 1537 ad
1701 1483 1825 1538 interro·

116 1581 147 1632 et
163 1574 406 1632 resurrectionem
422 1573 527 1628 datura
541 1576 595 1640 εει,
612 1589 691 1641 ειιιιι,
712 1571 843 1642 inquam,
866 1582 940 1639 quo·
995 1569 1126 1644 gaudum
1143 1570 1274 1628 veritatis
1302 1573 1486 1645 Magistrum,
1512 1571 1647 1627 videlicet
1675 1587 1708 1627 eo
1725 1571 1822 1638 modo,

117 1662 589 1736 cunquevertas,senteutiavsra
610 1662 660 1731 sit,
684 1661 755 1718 ordo
771 1669 866 1714 tamen
891 1655 939 1713 iit·
996 1677 1053 1734 quo
1070 1664 1234 1734 percontari
1261 1663 1357 1720 solent
1385 1663 1415 1719 bi
1447 1663 1497 1735 qui
1522 1662 1674 1720 scientiam
1690 1661 1822 1718 veritatis

117 1759 186 1812 terre
201 1768 452 1827 personarumque
462 1751 506 1808 vei
521 1756 686 1824 temporum
702 1749 824 1806 mutatio
839 1746 939 1820 exigit,
957 1750 1130 1848 nesuriunt
1145 1767 1179 1806 ac
1192 1751 1306 1819 sitiunt,
1323 1751 1373 1806 sed
1403 1754 1601 1820 murmurant,
1627 1749 1677 1808 aed
1700 1748 1826 1834 litigant,

118 1849 151 1900 ιιι
162 1844 246 1917 pasis
260 1843 439 1914 subjectum,
450 1846 555 1899 etcaro
571 1840 761 1913 predicatum
777 1839 940 1894 debeatac·
997 1839 1047 1895 ssd
1062 1840 1149 1896 verba
1163 1845 1275 1898 eternae
1291 1841 1355 1896 vite
1371 1839 1618 1913 blasphemantur,
1640 1838 1760 1896 insania·
1776 1840 1826 1894 dc·

117 1934 187 2004 cipi.
203 1931 276 1988 Nam
290 1931 434 1988 hactenus
449 1924 943 2003 depersoaaPatrisdixerat,quod
997 1932 1111 2001 putant.
1136 1929 1213 1986 Num
1235 1946 1303 2004 ergo
1329 1930 1395 1986 istis
1418 1931 1537 1996 diceret,
1562 1929 1708 2002 quomodo
1732 1931 1828 2002 posset

116 2022 168 2078 ills
185 2039 291 2095 panem
305 2037 405 2078 verum
417 2020 510 2084 daret,
524 2024 553 2076 et
568 2018 631 2092 ipse
647 2018 738 2074 Filius
753 2016 839 2090 punis
854 2018 942 2072 esset.
997 2032 1114 2074 carnem
1125 2034 1210 2074 suam
1220 2019 1288 2075 dare
1301 2017 1584 2074 admanducandum
1594 2017 1608 2072 l
1618 2016 1780 2089 Litigubant
1791 2016 1826 2072 ad

117 2111 203 2168 Nunc
219 2111 282 2184 ipse
299 2109 385 2183 panis
401 2109 485 2166 vivus
500 2111 529 2165 et
545 2123 631 2166 verus
644 2107 679 2164 ad
692 2123 777 2164 suam
789 2119 942 2178 personam
997 2107 1133 2178 invicem,
1150 2111 1418 2169 murmurabantad
1430 2111 1602 2176 invicem,et
1616 2109 1769 2166 consilium
1783 2125 1824 2164 sa·

119 2195 943 2274 perlaturumtempusverbiejusdemtransitionetaota:
999 2199 1827 2274 pisntlaeltsl,n0nabipsasaplentiansigmmurmuras,

120 2315 134 2342 ιι
152 2292 188 2348 at
203 2289 298 2363 panis,
315 2289 423 2362 inquit,
439 2303 526 2361 quem
543 2303 597 2362 ego
612 2288 698 2354 dabo,
724 2301 791 2342 caro
812 2300 877 2340 mea
900 2287 945 2340 est
998 2286 1829 2362 dostlitigandoqusrsbantadinvisamqutdnisimalum

122 2398 174 2454 pro
191 2379 293 2437 muudi
309 2379 378 2436 vita.
396 2401 411 2428 ιι
422 2379 458 2434 itt
473 2393 573 2436 revera
594 2393 681 2450 quam
696 2376 781 2432 Pater
796 2374 875 2431 dedit
892 2390 945 2445 ps·
998 2377 1188 2436 disoersatab
1199 2378 1342 2436 invicem?
1352 2403 1362 2429 ι
1372 2379 1394 2435 0
1406 2377 1606 2450 bomo,iaquit
1618 2376 1786 2450 Apostolus,
1796 2379 1827 2431 ιιι

121 2487 187 2526 nem
198 2468 546 2543 angelorum,utcaraem
560 2473 721 2524 assumeret
732 2470 760 2522 et
771 2467 943 2530 moreretur,
1000 2467 1068 2540 quis
1079 2484 1121 2537 es,
1132 2468 1181 2540 qui
1194 2469 1353 2541 respondes
1363 2466 1740 2538 lle0»t(llom.1x.)l¹alibus
1750 2464 1827 2522 enim

120 2564 267 2632 quatenus
282 2557 451 2626 viviticaret,
461 2557 525 2630 ipse
541 2555 624 2629 panis
636 2554 763 2612 caelestia
775 2569 880 2627 pansus
891 2557 944 2608 ter·
999 2555 1048 2628 qui
1063 2573 1119 2613 non
1136 2573 1235 2614 amore
1250 2557 1384 2614 discendi
1394 2557 1588 2628 interrogant,
1600 2556 1650 2612 sed
1663 2551 1826 2612 intentione

121 2663 226 2703 renum
240 2646 324 2703 nobis
338 2644 398 2714 dat,
412 2661 500 2717 quero
515 2643 681 2702 viventibus
697 2647 726 2699 et
741 2641 849 2714 quibus
865 2657 946 2696 maa·
1000 2646 1173 2704 adversandi
1183 2647 1345 2718 disputant,
1357 2645 1430 2702 nibil
1442 2645 1521 2701 atiud
1534 2644 1690 2702 dicendum
1700 2648 1756 2712 εει,
1769 2641 1828 2698 nisi

121 2734 224 2791 durari
238 2738 344 2808 potest,
360 2734 449 2790 vitam
463 2735 662 2790 deteteraam
679 2733 708 2787 in
727 2731 945 2802 carnemsssuam
1000 2738 1033 2792 ut
1046 2739 1186 2807 tanquam
1202 2736 1315 2808 indigni
1330 2735 1479 2808 sapientie
1493 2750 1634 2807 responso
1650 2731 1751 2806 procul
1773 2731 1824 2788 ab·

122 2827 313 2880 transmutat.
330 2823 365 2880 ot
381 2823 424 2880 sio
437 2822 649 2892 Verbomquod
666 2825 711 2878 est
727 2821 811 2893 panis
827 2818 947 2893 angelo.
1000 2823 1116 2880 sistant.
1133 2845 1147 2874 «
1164 2823 1239 2880 llicit
1253 2839 1322 2896 ergo
1338 2825 1381 2880 eis
1399 2827 1487 2880 lesus
1505 2839 1512 2878 ε
1536 2824 1638 2889 Amen,
1654 2837 1741 2877 amen
1756 2819 1822 2876 dieo

124 2929 201 2982 rum,
216 2929 283 2970 caro
299 2913 407 2969 iactum
420 2915 475 2982 est,
487 2927 544 2968 noa
558 2915 703 2968 mutatum
713 2910 742 2966 in
754 2925 883 2976 carnem,
894 2908 946 2964 sed
1000 2912 1082 2968 vobis
1095 2928 1102 2969 :
1117 2912 1179 2968 Nisi
1200 2911 1446 2968 manducaveritis
1468 2927 1585 2967 carnem
1600 2909 1665 2966 silit
1686 2909 1824 2976 bominis,

125 3003 304 3061 assumendo
314 3000 768 3074 carncm;sicidipsumVerbum
775 3000 949 3071 iamdudum
1001 3008 1029 3059 et
1044 3001 1175 3060 biberitis
1191 3004 1254 3074 ejus
1269 3002 1455 3075 sanguinem,
1473 3018 1530 3058 non
1542 2999 1785 3056 babebitisvitam
1797 2997 1826 3052 iu

125 3111 192 3151 earo
209 3095 331 3162 iactura,
358 3092 441 3164 panis
463 3090 588 3148 visibilis
605 3090 647 3159 tit,
670 3107 728 3146 non
753 3092 898 3145 mutatum
914 3087 944 3142 in
1000 3092 1095 3149 vobis.
1107 3114 1121 3143 ιι
1133 3091 1335 3166 Ergainquit,
1349 3092 1488 3164 quoniam
1500 3107 1550 3147 vos
1563 3104 1747 3167 pequaquam
1761 3102 1826 3142 esu·

120 3199 238 3254 panem,
251 3183 301 3239 sed
312 3180 499 3248 assumendo,
512 3183 541 3236 st
552 3179 581 3236 in
593 3179 736 3236 unitatem
746 3193 944 3250 personasua
1000 3181 1074 3250 ritis,
1094 3182 1206 3238 animas
1222 3197 1342 3238 sursum
1359 3181 1388 3237 in
1410 3179 1516 3237 caelum
1533 3178 1727 3252 suspenditis,
1745 3175 1822 3232 uada

126 3270 328 3330 transimundo
342 3287 456 3344 paoem.
468 3269 593 3326 Proinde
603 3269 679 3326 sicut
689 3269 725 3326 de
736 3285 823 3324 esrae
834 3271 945 3336 nostra,
999 3271 1083 3344 panis
1092 3271 1147 3328 iate
1156 3271 1318 3342 descendit,
1330 3274 1363 3327 ut
1374 3269 1480 3326 revelet
1490 3267 1571 3325 vobis
1581 3272 1666 3326 Pater
1675 3265 1725 3338 qui
1737 3268 1782 3322 est
1794 3263 1824 3320 ia

122 3377 210 3434 quam
227 3359 313 3434 Virgo
339 3358 428 3416 ilaris
453 3358 574 3432 peperit,
602 3375 668 3415 vere
683 3359 808 3414 latemur
829 3361 947 3430 propter
999 3355 1829 3434 coeiis,quodrevelsreaonpetestcaroetsanguis(Metti,

124 3449 268 3508 unitatem
286 3465 426 3522 persone,
437 3465 503 3521 queo
512 3447 603 3520 [quia]
618 3448 696 3504 Deus
710 3452 766 3514 est,
783 3447 825 3503 sic
840 3446 946 3502 nihilo·
999 3453 1068 3521 avil,
1089 3451 1139 3508 sed
1156 3449 1275 3523 litigatis
1295 3449 1330 3506 sd
1356 3449 1479 3506 invicem
1504 3447 1641 3504 cordibus
1656 3443 1824 3520 impacatis,

126 3541 224 3596 minos
239 3540 275 3596 do
290 3555 363 3611 pane
380 3538 435 3594 isto
448 3535 568 3605 visibili,
590 3553 678 3609 quem
702 3537 835 3608 ejusdem
860 3535 947 3592 Verbi
1001 3540 1055 3596 hoo
1069 3544 1185 3597 tantum
1198 3538 1281 3596 vobis
1295 3537 1430 3609 dixerim,
1451 3537 1528 3609 quod
1544 3559 1558 3588 ιι
1585 3535 1643 3593 nisi
1665 3534 1826 3591 manduea-

125 3628 282 3687 iovisibilis
306 3627 449 3684 Divinitas
470 3643 637 3693 assumens,
663 3626 693 3682 in
718 3642 834 3683 carnem
862 3642 947 3682 suam
1001 3627 1100 3686 veritis
1114 3645 1231 3685 carnem
1253 3626 1318 3684 Filii
1334 3627 1474 3694 bominis,
1489 3630 1517 3682 st
1532 3625 1665 3682 biberitis
1680 3625 1744 3696 ejus
1758 3641 1828 3681 san·

122 3717 274 3790 transient,
284 3733 348 3774 vere
363 3721 392 3774 st
406 3715 549 3774 catholice
563 3716 747 3788 confitemur,
758 3718 828 3789 quia
842 3731 949 3788 corpus
1002 3718 1131 3790 guinem,
1144 3733 1201 3773 aon
1217 3715 1363 3772 habebitis
1373 3716 1462 3770 vitam
1474 3714 1503 3771 iu
1517 3713 1609 3770 vobis.
1624 3737 1634 3766 ι
1647 3713 1718 3778 Quis
1730 3717 1831 3770 autem

122 3807 292 3864 Cbristiest.
303 3805 428 3880 airergo
439 3821 446 3864 ι
458 3829 472 3858 ι(
484 3805 518 3862 lte
529 3805 612 3878 panis
623 3821 772 3879 quemego
788 3805 950 3874 dab0,caro
1006 3809 1051 3862 est
1069 3805 1175 3860 modus
1191 3801 1440 3868 manducationis,
1456 3819 1513 3858 non
1532 3817 1629 3856 meum
1651 3803 1697 3856 est
1719 3801 1832 3872 aperire

122 3913 187 3954 mea
202 3901 249 3953 est
260 3913 312 3968 pro
328 3896 430 3952 muudi
446 3895 515 3964 vita,
533 3916 546 3945 ιι
563 3895 698 3951 videlieet
713 3899 745 3950 ut
762 3895 889 3950 mundus
905 3908 950 3949 rs·
1004 3895 1096 3952 vobis.
1114 3893 1252 3949 Sanctum
1269 3891 1347 3946 enim
1364 3889 1418 3946 boc
1432 3893 1486 3957 est,
1505 3890 1583 3961 quod
1599 3887 1737 3961 litigiosis
1757 3884 1835 3942 cani·

126 3986 263 4058 demptus
280 3986 435 4042 manducet
459 3989 488 4041 ει
502 3983 589 4053 vivat,
606 3984 765 4041 emundata
791 3983 871 4056 prius
901 3999 952 4055 per
1006 3985 1061 4040 bus
1072 3982 1203 4038 dandum
1216 3997 1273 4036 nou
1286 3981 1325 4036 sit
1337 3995 1343 4036 :
1357 3979 1521 4050 margarite
1532 3982 1613 4048 suut,
1625 3994 1688 4050 quae
1700 3973 1836 4030 videlieet

125 4075 305 4148 baptismum
316 4075 420 4132 ceteris
430 4089 517 4146 quem
530 4089 650 4145 serpens
662 4073 742 4129 dedit
753 4076 782 4129 et
793 4072 951 4146 persuasit,
1006 4090 1041 4130 ne
1065 4070 1284 4138 conculcentur,
1310 4073 1377 4124 ante
1400 4084 1504 4141 porcos
1519 4066 1669 4123 mittenda
1684 4081 1742 4120 non
1764 4066 1834 4119 sunt

125 4164 182 4221 sibi
198 4163 325 4220 macula.
342 4163 435 4236 Igitur
450 4162 606 4220 abstientia
618 4162 838 4234 liquet,quanto
851 4159 954 4218 melior
1006 4163 1119 4236 (unilt.
1133 4163 1193 4233 vu).
1210 4160 1346 4217 Nondum
1363 4159 1466 4215 saitem
1489 4157 1565 4214 servi
1581 4156 1661 4224 estis,
1682 4154 1733 4228 qui
1753 4167 1835 4210 reve-

24 4295 31 4306 .
125 4252 173 4310 bie
188 4252 274 4326 panis
287 4252 326 4308 sit
338 4250 397 4320 iilo,
413 4253 447 4308 de
460 4267 518 4324 quo
532 4251 666 4308 dixerant
682 4267 688 4306 :
706 4273 720 4302 (ι
744 4251 841 4308 Ρειιεε
861 4249 952 4306 nostri
1006 4256 1118 4310 rentem
1135 4265 1235 4306 aurem
1253 4247 1374 4304 Domino
1398 4245 1553 4319 prebeatis
1576 4262 1583 4302 z
1605 4247 1712 4302 nedum
1737 4241 1834 4310 amini,

127 4343 378 4398 manducaverunt
394 4357 501 4396 maana
516 4346 545 4396 et
556 4341 663 4397 mortui
677 4347 755 4396 sont.
767 4362 781 4390 »
791 4341 842 4396 Hic
854 4344 952 4395 sutem
1008 4343 1116 4415 quibus
1129 4339 1198 4396 sotis
1209 4341 1310 4394 uotum
1322 4336 1415 4394 iacere
1431 4337 1523 4392 habeo
1534 4335 1622 4392 ritum
1633 4333 1678 4391 vel
1690 4333 1838 4400 ordinem,

126 4437 171 4488 est
187 4431 272 4503 panis
288 4430 323 4487 de
338 4431 410 4486 creto
426 4429 617 4496 descendens,
644 4435 677 4486 ut
691 4429 716 4486 si
741 4429 807 4502 quis
831 4445 866 4485 ex
890 4428 954 4501 ipso
1006 4444 1169 4502 causasque
1180 4426 1295 4484 divinas
1311 4427 1399 4497 hujus
1409 4424 1597 4498 epulationis.
1611 4423 1669 4480 Hoc
1686 4439 1752 4494 crgo
1769 4427 1833 4476 tao·

126 4518 356 4588 manducaverit,
373 4536 432 4575 non
444 4518 594 4576 moriatur.
604 4519 680 4575 Sane
691 4535 756 4574 cum
767 4518 838 4576 dicit
849 4536 856 4576 :
869 4537 882 4570 a
895 4516 950 4583 Qui
964 4513 989 4579 D
1005 4520 1102 4578 titium
1118 4517 1229 4584 scitote,
1242 4514 1312 4586 quia
1324 4537 1338 4565 ι(
1351 4515 1407 4570 nisi
1421 4512 1667 4570 manducaveritis
1678 4529 1734 4568 nou
1748 4510 1836 4568 bobc·

124 4609 284 4668 manducat
298 4610 377 4665 bunc
394 4625 509 4680 punem,
525 4607 569 4664 vol
594 4609 645 4680 qui
676 4607 836 4664 manducat
855 4621 950 4663 meam
1006 4612 1074 4668 bilis
1088 4609 1178 4664 vitam
1194 4605 1222 4660 in
1239 4603 1329 4660 vobis.
1343 4627 1357 4654 ιι
1370 4603 1410 4661 De
1425 4605 1479 4660 hoc
1494 4605 1559 4660 cibo
1575 4601 1706 4675 corporis
1721 4605 1750 4657 ct
1766 4603 1835 4670 potu

125 4713 256 4764 carnem,
269 4717 283 4748 ιι
294 4713 410 4769 semper
423 4698 507 4768 digne
518 4695 758 4753 subaudiendum
774 4701 828 4753 est.
849 4696 950 4760 Quem·
1007 4697 1161 4772 sangoinis
1172 4691 1299 4764 Domini,
1311 4694 1371 4749 baec
1382 4711 1398 4748 a
1410 4693 1521 4750 sanctis
1532 4691 1702 4749 doctoribus
1714 4691 1782 4746 daia
1793 4692 1838 4744 est

125 4788 282 4844 admodum
298 4787 413 4861 quoties
442 4786 550 4844 dicatur
572 4786 601 4841 in
627 4785 784 4857 scripturis
809 4783 919 4842 sanetis
943 4799 951 4838 ε
1007 4785 1162 4852 sententia,
1179 4799 1268 4857 quam
1286 4787 1315 4839 et
1329 4782 1406 4839 velut
1422 4799 1472 4853 pro
1486 4782 1613 4838 maxima
1625 4780 1667 4836 vet
1684 4777 1836 4850 primodo.

124 4875 257 4948 Angelus
271 4875 397 4944 ὓῡῐῦῑῐιῑι
413 4873 457 4930 iil
472 4874 601 4947 Sl)iliius
617 4873 741 4942 Domini,
758 4889 811 4929 ¹³⁰0
834 4873 953 4929 additur
1008 4877 1138 4936 linitione
1154 4874 1294 4930 adversus
1309 4871 1386 4928 idem
1405 4887 1512 4942 corpus
1526 4874 1554 4928 ει
1578 4867 1753 4942 sanguinem
1778 4864 1837 4920 Do-

126 4964 404 5032 matus,sinedubio
416 4965 511 5020 bonus
522 4961 653 5036 augelus,
663 4961 706 5018 vei
718 4962 814 5019 bonus
825 4962 952 5034 Spiritus
1007 4968 1091 5038 mini,
1108 4962 1234 5021 nimium
1250 4961 1348 5018 iestini
1363 4960 1486 5017 lectores
1502 4968 1528 5017 et
1539 4955 1723 5016 immaturati
1738 4953 1837 5027 praeri-

127 5055 311 5128 intelligitur.
324 5054 367 5110 ita
378 5054 518 5110 nimirum
529 5051 757 5126 quotiesdicitur
769 5070 776 5110 ι
788 5075 798 5100 ·
811 5052 863 5117 Qui
873 5068 954 5108 man·
1008 5070 1096 5131 puero
1110 5053 1256 5108 doctores.
1273 5053 1366 5117 Hunc,
1384 5049 1534 5122 inquiunt,
1551 5049 1661 5116 cibum,
1684 5049 1713 5101 et
1736 5046 1837 5114 potum

127 5144 217 5200 ducac
231 5148 260 5200 et
271 5143 356 5211 bibit,
373 5165 388 5194 ιι
399 5148 428 5199 et
443 5159 500 5199 non
516 5141 642 5212 indigne,
660 5140 759 5214 procul
771 5141 859 5198 dubio
872 5141 954 5213 digne
1008 5144 1177 5202 societatem
1192 5136 1256 5194 vuit
1278 5136 1403 5210 intelligi
1430 5137 1561 5210 corporis
1585 5140 1614 5193 et
1637 5132 1836 5190 membrorum

127 5237 363 5294 subaudiendum
377 5241 431 5294 ast.
448 5236 570 5293 Proinde
584 5241 613 5292 ει
628 5235 707 5309 quod
721 5235 794 5292 dixit
811 5253 843 5292 :a
855 5237 954 5293 Patres
1009 5247 1140 5300 suorum,
1156 5225 1233 5298 quod
1245 5231 1290 5282 εει
1304 5230 1409 5282 sanctu
1421 5225 1560 5296 Ecclesia,
1571 5225 1601 5280 in
1612 5219 1836 5296 predestinatis,

128 5328 216 5384 vestri
243 5327 492 5384 manducaverunt
520 5342 626 5382 manna
649 5329 678 5382 ει
703 5325 812 5382 ιιιοιιιιί
837 5331 919 5393 sunt,
940 5347 955 5376 ιι
1009 5329 1038 5381 st
1053 5319 1174 5382 vocatis,
1191 5324 1218 5372 et
1235 5315 1415 5386 justificatis,
1432 5319 1461 5372 et
1484 5312 1657 5387 glorificatis
1682 5307 1794 5368 sanetis
1810 5310 1838 5363 et

127 5417 268 5488 quonism
288 5417 401 5488 absque
426 5415 572 5472 bonorum
596 5413 640 5470 vel
668 5413 813 5472 maiorum
838 5421 955 5488 patrum
1010 5409 1146 5468 fidelibus
1160 5405 1235 5478 ejus.
1253 5403 1326 5468 Quid
1343 5405 1420 5461 enim
1436 5403 1599 5475 iNunquid
1611 5402 1647 5460 ab
1663 5400 1772 5458 eisdem
1789 5412 1840 5470 pa·

127 5505 204 5562 soa
220 5504 423 5570 distinctione,
440 5503 523 5570 dixit,
547 5502 699 5560 sciendum
718 5509 762 5560 εει
777 5503 848 5577 quia
861 5521 955 5577 quan·
1010 5501 1103 5558 tribus
1118 5495 1226 5554 ibidem
1242 5493 1365 5550 tacitum
1383 5499 1439 5563 est,
1463 5493 1553 5566 bajus
1569 5493 1610 5551 rei
1635 5488 1757 5550 unitatis
1771 5503 1838 5545 ror·

129 5595 408 5668 tumcumquebeae
421 5593 659 5650 manducaverint
673 5591 764 5667 aliqui
780 5609 814 5651 ex
826 5593 896 5663 illis,
913 5600 956 5650 ta·
1010 5589 1089 5665 poris
1104 5581 1211 5643 Christi
1227 5581 1308 5653 qood
1324 5587 1369 5640 εει
1383 5582 1521 5650 Ecclesia,
1537 5584 1755 5642 sacramentum
1774 5591 1840 5634 εεεε
