3928 6044
75 321 1790 392 m

483 525 576 678 R·
636 523 731 676 D.
790 521 885 674 D.
946 513 1408 673 RUPERTI

623 827 881 926 ABBATIS
915 822 1259 922 TUlTlENSIS

407 1065 456 1117 stt
479 1057 581 1118 stitis
593 1056 821 1118 teosrottcrs
837 1055 1037 1115 ettiusttttttt
1049 1053 1230 1114 ROMANUld
1258 1051 1476 1112 pontinianu

737 1275 1148 1402 EPISTOLA

1678 1693 1687 1703 .
1717 1691 1720 1696 .
1750 1687 1791 1729 pp

121 1749 185 1804 Μ
201 1753 277 1806 Ante
288 1747 393 1806 taciem
409 1751 500 1817 tuam,
516 1747 690 1822 oprincaps,
704 1747 874 1806 beatissime
888 1753 973 1808 Petra
984 1749 1067 1806 testis
1080 1749 1186 1807 Christi
1197 1765 1230 1806 sc
1242 1755 1400 1823 praecentor
1411 1748 1585 1807 Christiana
1599 1747 1680 1818 fidoi,
1692 1746 1770 1805 simu
1788 1791 1795 1818 ,

14 1841 15 1848 ’
87 1853 144 1908 qna
159 1841 224 1894 anto
244 1837 353 1894 taciem
368 1837 468 1895 vicarii
483 1839 524 1894 tui
541 1855 631 1912 pape,
647 1837 724 1895 viam
740 1835 829 1895 latam
840 1837 970 1896 invenire
985 1845 1013 1895 et
1028 1839 1155 1912 spatium
1173 1837 1281 1896 habere
1296 1843 1397 1896 nostra
1416 1835 1544 1912 parvitas
1554 1835 1706 1910 deposcite
1722 1833 1798 1893 diois

88 1931 185 1982 autem
202 1926 325 1998 qnidam
342 1927 378 1983 de
392 1927 572 2000 principibus
584 1927 828 2001 sapientissimis:
838 1927 1180 1985 Donumhomiairditctoi
1194 1930 1269 1985 uiam
1282 1929 1380 2002 cisami
1391 1925 1799 2000 anteprincipeaaputiumejus

85 2015 154 2084 iacit
169 2017 265 2088 (Pron.
281 2017 372 2087 suin).
390 2019 431 2073 Ne
447 2017 537 2090 igitur
551 2033 659 2073 vacuus
674 2016 815 2087 venirem,
830 2017 940 2074 donum
958 2016 1142 2090 praesentavi,
1170 2015 1256 2088 quale
1285 2033 1390 2073 manus
1407 2033 1473 2074 mea
1487 2014 1613 2089 reperire
1628 2013 1732 2086 potuit,
1774 2012 1804 2069 at

84 2105 202 2161 utinam
218 2105 321 2162 donam
334 2107 495 2178 perlectum,
509 2105 570 2164 sive
583 2109 679 2163 datum
693 2105 838 2179 optimum,
855 2111 888 2164 ut
902 2107 983 2163 dions
998 2123 1006 2163 a
1023 2107 1076 2162 lloc
1089 2105 1123 2162 dc
1137 2122 1247 2162 sursum
1262 2112 1313 2174 eat,
1327 2105 1488 2163 descendens
1499 2122 1517 2160 a
1528 2107 1613 2160 Patre
1630 2101 1772 2158 luminum
1789 2107 1799 2156 t

81 2193 226 2268 (irroobn.)
243 2195 293 2252 Est
306 2196 385 2252 enim
402 2196 455 2252 hoc
466 2195 576 2253 donum
592 2213 650 2253 non
665 2211 699 2252 ex
722 2193 964 2268 corruptibilibus
979 2211 1050 2252 auro
1064 2199 1094 2252 at
1106 2200 1237 2270 argento,
1254 2197 1361 2269 quihus
1381 2194 1507 2251 maxime
1519 2192 1701 2272 delectantur
1717 2189 1818 2264 prin-¹

82 2281 164 2355 cipes
176 2281 286 2352 seculi,
302 2284 352 2340 sed
365 2289 409 2340 est
424 2301 499 2357 opus
514 2301 549 2341 ex
562 2285 656 2358 grstia
671 2284 793 2356 licique
807 2283 870 2341 sola
883 2283 1016 2340 delectati
1032 2291 1133 2341 suntet
1149 2284 1331 2340 delectantur
1341 2282 1488 2356 principes
1497 2281 1607 2350 sanoti;
1619 2278 1797 2353 quibusipse

81 2375 143 2428 Rex
158 2383 296 2447 regnmet
311 2372 450 2431 Dominus
469 2374 685 2431 dominantium
702 2373 897 2448 principatum
914 2372 994 2431 dedit
1009 2379 1150 2430 eternum
1166 2374 1195 2431 in
1213 2390 1302 2446 regno
1318 2390 1372 2430 suo
1388 2371 1498 2430 caelesti
1514 2369 1798 2445 (ipoc.tt),babetqua

83 2462 242 2519 amabilem
270 2460 348 2518 hnnc
359 2461 388 2518 in
407 2463 502 2518 tronto
520 2461 661 2519 titolum:
677 2467 718 2518 De
731 2461 942 2535 glorificatione
954 2462 1107 2519 Trinitatis
1122 2467 1151 2520 et
1165 2477 1351 2535 processione
1365 2461 1495 2534 Spiritus
1509 2459 1615 2517 sancti.
1631 2457 1715 2517 Forte
1729 2454 1801 2513 dicit

84 2549 197 2624 aliquis
212 2569 222 2606 r
246 2549 402 2607 Sufficiunt
413 2551 476 2622 iam
488 2550 671 2624 principibus
689 2550 796 2607 nostris
812 2549 888 2608 dona
902 2550 965 2608 sine
978 2546 1801 2624 narrariahujusrnactalaminiamdebesquiscumuarat

84 2640 312 2697 tabernaculum
332 2639 450 2698 Domini
466 2643 495 2697 et
510 2640 655 2698 instanter
668 2639 798 2713 quotidie
814 2657 899 2698 manc
913 2646 981 2699 vota
995 2641 1121 2715 populns
1136 2642 1263 2708 ollerret,
1279 2641 1400 2713 artifices
1413 2643 1507 2696 uenire
1520 2635 1800 2712 compatriatarum

85 2731 173 2803 itaqu
190 2745 199 2786 τ
227 2729 293 2786 Plus
325 2729 405 2802 offert
431 2729 549 2802 populus
575 2745 658 2802 quam
686 2731 873 2786 necessarium
887 2731 935 2787 esi.
955 2729 1042 2788 iussit
1054 2746 1118 2800 erqo
1132 2731 1235 2804 itrqres
1248 2731 1384 2802 praeconia
1395 2745 1459 2787 voce
1472 2728 1586 2788 cantari
1597 2745 1607 2784 .·
1621 2727 1674 2784 Nec
1687 2727 1732 2782 uir
1745 2739 1796 2782 aec

86 2819 191 2876 ruaiicr
206 2818 357 2892 quidquam
371 2817 475 2892 offerat
488 2821 518 2874 in
533 2835 615 2890 opere
627 2818 791 2875 sorduerit.
808 2819 907 2894 sicque
921 2831 1057 2877 cessatum
1071 2829 1109 2877 est
1123 2837 1140 2876 a
1155 2819 1513 2894 maneriburoiiereudir.eo
1527 2817 1598 2891 qaod
1612 2813 1798 2888 oblatarum·

87 2918 178 2966 cereat
200 2919 227 2966 ct
242 2909 499 2982 superabundarent
513 2909 608 2979 (dard.
625 2905 731 2982 xxxvi).
745 2909 785 2964 hd
800 2909 862 2965 haec
877 2909 996 2982 inquam
1014 2909 1176 2982 :Equidem
1193 2909 1323 2979 memini,
1338 2909 1389 2967 sed
1405 2925 1544 2982 quorsum
1560 2905 1654 2963 isturti
1675 2905 1800 2962 lloccins

89 2999 419 3072 intendis‚ut‚quoniam
432 2999 652 3054 tabernaculum
668 2997 740 3054 illud
756 3001 957 3056 manut'actum
973 3003 1134 3056 secundum
1151 2999 1297 3072 exemplar
1313 2996 1586 3056 ssehattabernaculi
1600 2991 1798 3053 nonurnnuln-

88 3091 123 3144 cti
137 3089 196 3146 sive
213 3089 355 3153 coelestis,
371 3088 444 3160 qnod
464 3090 493 3144 in
508 3093 607 3144 monto
625 3093 821 3144 monstratum
838 3095 883 3144 est
900 3087 993 3160 Moysi
1010 3089 1109 3161 (irad.
1125 3091 1202 3160 xxv),
1228 3106 1280 3146 nos
1293 3105 1410 3162 quoquo
1433 3087 1598 3145 secundum
1626 3081 1794 3156 exemplum

14 3177 16 3186 ’
91 3177 163 3236 illins
188 3177 390 3252 prohibitonis
410 3178 569 3234 debeamus
598 3177 745 3251 prohiberi
760 3183 914 3235 etcaesara
928 3195 945 3235 a
961 3179 1132 3236 muneribus
1148 3179 1304 3237 offerendis
1320 3179 1349 3236 in
1365 3193 1451 3253 opere
1466 3174 1625 3235 sanctuarii
1649 3172 1788 3242 coetsstis,

90 3283 201 3324 cessare
216 3268 255 3324 ab
270 3266 408 3324 exercitio
422 3266 583 3340 gratiarum
599 3267 661 3323 sira
675 3267 899 3336 charismatum,
916 3267 1115 3341 quaSpiritus
1128 3273 1250 3326 sanctus
1265 3272 1352 3340 prout
1365 3265 1585 3324 validistrihuit
1599 3259 1797 3336 singuiissci·

88 3353 153 3412 licet
173 3373 192 3411 a
211 3371 349 3413 sermons
369 3355 529 3428 sapientie,
546 3370 713 3411 asermone
727 3353 866 3424 solentis,
883 3355 1070 3425 aqaucribua
1085 3355 1265 3430 linguarum,
1280 3356 1317 3414 ab
1347 3355 1586 3428 interpretatione
1608 3367 1792 3421 sermonum,

88 3445 229 3518 qnoniam
244 3449 371 3502 antenos
386 3444 515 3501 aliisatis
529 3443 819 3517 sapienter,satisque
834 3443 1056 3501 soientarlocuti
1074 3445 1527 3504 suntetahuadanteraermones
1546 3443 1596 3502 [tei
1609 3438 1794 3514 interpretati

88 3534 212 3606 sentiit
222 3533 282 3591 Cor.
298 3537 362 3606 xri.)
373 3533 510 3606 Nunqnid
527 3531 664 3606 quiaillio
679 3548 748 3590 vona
764 3531 905 3604 praeconis
921 3539 1067 3590 cantatum
1081 3537 1135 3602 est,
1158 3539 1191 3591 ut
1205 3551 1254 3592 nec
1268 3537 1311 3591 vir
1325 3551 1374 3592 acc
1391 3535 1494 3591 inuiier
1508 3532 1666 3606 quidquam
1692 3528 1798 3602 offerre

89 3624 117 3680 in
131 3640 215 3693 opere
225 3622 390 3691 sanctuarii,
402 3640 455 3679 nos
471 3620 684 3697 quoquaqunei
701 3621 937 3696 perallegoriam
954 3622 1170 3693 instruereris,
1187 3625 1291 3696 utjum
1315 3624 1345 3682 iri
1361 3621 1637 3702 operanssnctuarii
1666 3617 1795 3677 cmlostis

93 3713 208 3770 nullum
222 3715 380 3770 oneramus
394 3714 506 3769 donum
517 3711 553 3769 de
569 3711 678 3768 divitiis
693 3710 810 3774 salutis.
822 3712 857 3768 de
877 3712 1015 3770 thesauro
1029 3713 1174 3771 sermonis
1186 3713 1326 3771 Domini?
1341 3713 1527 3787 Noli‚quoeso‚
1545 3710 1604 3768 noli
1614 3725 1679 3767 essa
1695 3707 1801 3780 allego·

97 3803 175 3858 ricus
192 3803 292 3860 nimis.
309 3802 479 3860 Meminisse
494 3802 583 3858 debes
598 3809 625 3859 et
637 3806 666 3857 tu
684 3802 752 3872 quid
769 3800 864 3856 sancti
884 3801 982 3858 Patres
997 3807 1064 3858 ante
1081 3818 1134 3859 nos
1149 3803 1296 3859 senserint
1308 3803 1344 3859 de
1355 3795 1800 3875 ittaatropbastmpttcrsiacob:

99 3892 216 3960 Totiens,
234 3894 274 3950 ait
288 3892 447 3964 Scriptura.
462 3893 543 3948 iacob
557 3892 652 3962 uirque
661 3891 791 3962 populeas
805 3889 908 3948 uirides
921 3900 948 3949 et
961 3893 1155 3966 amqqiciiuae
1167 3898 1192 3949 ct
1207 3909 1243 3950 err
1255 3893 1389 3966 platanis,
1404 3901 1531 3965 exparte
1550 3887 1728 3946 decorticavit
1740 3901 1798 3958 cur,

99 3981 286 4056 detractisque
298 3983 446 4040 corticibus
460 3983 491 4038 ia
505 3981 549 4037 iris
564 3996 627 4053 quae
639 3980 764 4052 spoliata
776 3983 901 4052 fueruat,
917 3981 1021 4040 candor·
1033 3981 1185 4056 apparatu
1200 3983 1250 4040 iiia
1262 3997 1324 4040 vcro
1334 3984 1510 4056 qaecinthra
1524 3987 1604 4037 erant
1614 3977 1724 4034 viridia
1735 3990 1801 4046 prr·

103 4075 266 4141 manarunt,
283 4082 368 4143 atque
383 4072 412 4127 ia
437 4071 509 4126 banc
525 4073 638 4126 mortum
666 4069 740 4126 color
755 4069 865 4143 effectur
887 4080 926 4127 est
950 4073 1045 4127 uarias
1074 4071 1177 4144 (Ceres.
1205 4071 1282 4145 xxx).
1305 4070 1431 4141 benique
1443 4071 1529 4140 juxta
1544 4065 1704 4140 mysticum
1719 4061 1796 4120 iilud

101 4161 270 4234 exemptum,
288 4177 347 4216 non
363 4159 474 4232 passim
490 4157 607 4232 ubique,
628 4159 678 4216 sed
695 4158 725 4215 in
735 4157 957 4232 plerisqnelocla
971 4160 1108 4217 corticem
1126 4159 1227 4218 littere
1242 4158 1423 4216 detrahimus
1437 4166 1464 4215 et
1479 4157 1636 4214 candorem
1650 4151 1799 4227 allegoria

98 4251 273 4321 tenemus‚in
290 4247 441 4307 nonnullis
452 4248 622 4322 allegoriam
638 4263 697 4305 non
710 4255 883 4320 querentes,
896 4249 1036 4307 moralem
1051 4265 1172 4308 sensum
1183 4249 1476 4308 inviriditatalitteras
1491 4240 1800 4316 retinemuslixsmpli

98 4342 193 4415 grstia
208 4339 312 4414 ripula,
324 4340 365 4397 ait
383 4339 573 4407 nominasti
589 4337 676 4394 altari
688 4353 796 4410 semper
809 4337 1008 4412 ardebit‚quem
1023 4343 1126 4400 nrrtrict
1137 4340 1272 4412 sacerdos,
1286 4339 1438 4412 subiiciens
1453 4353 1536 4396 maus
1551 4335 1629 4411 liqna
1639 4349 1689 4410 per
1704 4336 1801 4404 sinqu-

98 4431 138 4490 tor
152 4431 222 4500 dies,
238 4439 274 4496 et,
290 4433 416 4502 imposito
431 4427 546 4501 desuper
560 4428 725 4494 holocausto,
741 4426 861 4484 adolebit
876 4429 974 4500 adipes
987 4432 1175 4502 pacificorum.
1195 4433 1272 4502 lqrrir
1287 4429 1339 4487 istc
1352 4433 1394 4486 est
1407 4431 1566 4502 perpetuus,
1583 4425 1633 4499 qui
1658 4438 1804 4498 nunquam

100 4519 208 4592 deficiet
219 4521 252 4576 de
266 4521 353 4575 altari
366 4521 465 4591 [teuit.
482 4532 519 4576 rt.
536 4517 611 4582 Quid
627 4517 737 4572 valeret
750 4516 780 4571 in
797 4516 852 4572 isto
868 4524 1010 4590 precepto
1021 4519 1122 4575 littero
1137 4519 1259 4576 cortex?
1277 4519 1420 4576 Corticem
1443 4532 1511 4588 ergo
1526 4513 1704 4573 detrahimus
1718 4520 1746 4570 et
1761 4512 1805 4568 al·

98 4610 231 4682 leprico
246 4607 591 4680 intelligentiaespiritum
612 4611 759 4672 tenemus,
779 4607 849 4661 dnm
866 4607 957 4665 altura
975 4608 1023 4664 bai
1043 4624 1092 4665 cor
1108 4613 1284 4672 nostramet
1300 4608 1329 4664 in
1346 4607 1510 4679 bonignam
1527 4607 1575 4678 qui
1592 4601 1806 4678 semperdabet

102 4701 214 4767 ardere,
227 4699 379 4755 charitatis
394 4696 543 4752 banrmam
561 4695 870 4768 intelligimusb’uteor
882 4697 1054 4770 tibimagne
1068 4697 1289 4771 sacerdos‚quia
1304 4713 1428 4771 prosena·
1443 4713 1529 4770 opus,
1542 4701 1571 4752 et
1587 4698 1806 4768 dquoecunqne

101 4789 242 4845 hactonus
257 4787 346 4844 simili
363 4787 588 4859 studioperegi,
604 4785 646 4841 sic
663 4785 762 4856 allero,
778 4787 821 4843 sio
836 4788 950 4844 estimo
966 4787 1009 4844 vel
1021 4787 1160 4844 asttmari
1179 4788 1274 4858 cupio.
1298 4795 1438 4860 tanquam
1455 4787 1551 4860 ligna,
1564 4787 1674 4858 quihus
1698 4781 1807 4839 nutriri

103 4875 276 4951 possitignis
291 4876 444 4933 eharitatis
459 4879 518 4932 sive
529 4877 638 4931 amoris
651 4877 679 4930 in
696 4877 788 4931 altare
804 4877 928 4940 [lamini.
940 4880 967 4931 in
985 4879 1070 4934 corde
1081 4878 1247 4949 cujuspiam
1263 4877 1451 4952 legentissive
1468 4876 1625 4944 audientis,
1640 4880 1669 4931 et
1685 4868 1806 4945 legendo

104 4967 162 5022 siva
177 4967 321 5022 audiendo
337 4963 486 5038 capientis
502 4967 642 5037 prolicere
657 4963 687 5020 in
703 4963 1126 5023 ditectioncnominisbomini.
1142 4967 1445 5040 Nequrenimdonum
1456 4957 1806 5040 hocquomtpraaoripai,

103 5055 179 5112 viam
195 5055 255 5111 sive
267 5056 398 5128 spatium
414 5063 480 5109 ante
496 5053 643 5127 principes
658 5054 727 5110 mihi
741 5055 826 5124 cupio
843 5055 1143 5126 paruri‚tantirestimo
1158 5057 1261 5130 quanti
1273 5061 1317 5136 est
1328 5062 1477 5119 aurum.et
1492 5057 1680 5131 argentumet
1687 5045 1808 5123 pretiosi

105 5143 227 5216 lapides,
242 5147 343 5217 quanti
361 5143 541 5215 hyacinthus
556 5148 585 5200 et
602 5159 742 5216 purpura,
753 5159 913 5212 coccusque
930 5144 975 5201 his
991 5145 1102 5202 tinctus
1116 5153 1144 5204 et
1156 5146 1539 5222 hyssus,quaespi:itaaliter
1553 5145 1582 5200 in
1593 5137 1807 5199 constructione

105 5232 266 5308 spiritualis
282 5232 465 5291 tabernaculi
480 5233 655 5290 atteruntur.
672 5235 747 5288 Bane
759 5233 912 5290 nobiscum
928 5235 1033 5304 suitur,
1054 5235 1079 5292 si
1094 5236 1153 5293 haec
1164 5237 1274 5310 scripta
1289 5244 1390 5295 nostra
1405 5237 1508 5296 saltem
1520 5233 1644 5308 pretium
1662 5229 1808 5302 liquorum

104 5323 210 5381 habers
220 5324 404 5396 judicentur,
421 5323 595 5396 quibusjam
608 5323 703 5379 dictus
719 5321 796 5396 ignis
808 5322 930 5381 inaltsri
945 5325 1096 5384 Dominiln
1107 5327 1366 5401 nordecujuspism
1380 5323 1808 5401 pusilliaillaaciternutriatur.
1845 5365 1863 5398 ‚

105 5413 192 5471 Porro
206 5415 237 5471 in
252 5431 286 5472 eo
301 5414 380 5488 quod
397 5413 486 5485 iussit
500 5417 612 5488 Moyses
623 5412 764 5486 preconis
778 5429 847 5473 voca
871 5415 978 5472 csnhri
994 5432 1001 5473 a
1018 5415 1070 5474 Nec
1093 5418 1140 5475 vir
1165 5435 1217 5476 aec
1237 5419 1345 5482 ,mutter
1370 5417 1525 5490 quidquam
1552 5413 1627 5470 uitro
1656 5412 1755 5487 onerat
1780 5411 1811 5467 ia
1946 5401 1947 5404 ’

104 5519 184 5579 opere
210 5504 380 5578 rmctuarir,
414 5503 490 5562 siout
520 5509 550 5564 et
574 5503 604 5562 in
627 5501 729 5566 multis
761 5501 828 5564 aliis
854 5511 1022 5580 parmaneat
1050 5522 1155 5566 sensus
1182 5506 1340 5577 litteratis;
1371 5503 1517 5578 quomodo
1548 5503 1686 5579 partibus
1714 5501 1810 5574 virga·

96 5719 123 5840 ς
266 5636 399 5702 Parnon
421 5632 548 5698 cmix.
1695 5629 1711 5692 t

29 5811 105 5966 ph
