3962 6046
104 238 190 300 1³37
593 235 645 295 DD
665 233 850 296 VlO'lORlA
870 231 988 294 vultui
1008 231 1085 294 Dlll.
1110 265 1149 279 ·-
1169 231 1244 294 LID.
1267 232 1320 295 Vl.
1740 239 1819 299 1338

105 369 318 434 novissimum,
334 367 369 424 ud
384 382 457 436 quos
472 367 580 423 iactum
595 366 721 439 legimns
736 366 856 422 vet-bum
882 365 935 423 Do·
950 366 978 434 A
993 368 1046 434 est,
1061 364 1291 438 quadringentos
1304 368 1332 421 et
1348 365 1469 436 triginta
1483 381 1575 422 annos
1590 371 1747 439 antequem
1764 370 1817 426 da·

105 458 198 526 mini,
215 456 311 512 sancti
324 457 397 526 justi
413 460 443 512 et
458 457 557 528 magni
579 455 725 528 prophetoe
750 459 829 511 suot.
851 454 941 512 Porro
993 459 1073 510 retur
1088 452 1144 510 lex.
1160 453 1253 510 Multo
1267 470 1396 527 nemque
1416 455 1513 511 minor
1531 459 1576 511 est
1590 454 1646 522 lex,
1666 463 1694 515 et
1717 457 1817 515 miuus

108 563 173 603 non
189 561 302 614 omnes,
315 545 352 600 sd
368 543 577 616 quoslooutus,
588 543 713 600 veldixit
724 544 835 616 aliquid
849 546 939 613 Deus;
993 540 1145 614 diguitatis
1162 541 1257 609 hebet,
1273 542 1345 598 adeo
1360 546 1390 597 ut
1404 542 1499 598 dicere
1515 561 1572 598 non
1595 543 1713 600 dubites
1739 545 1818 616 quod

108 651 172 692 non
189 650 301 702 omnes,
317 635 447 706 inquom,
463 633 557 690 sancti
573 631 718 690 nuteleeti
731 639 812 689 sunt.
829 633 902 690 Num
914 637 942 688 et
992 646 1178 703 nequaquem
1195 631 1272 686 ciros
1300 631 1489 688 ceremonias
1512 629 1596 704 legis,
1619 648 1668 689 cor
1692 633 1744 690 Dei
1768 637 1819 688 nut

109 724 149 780 ad
171 723 241 780 Cain
265 723 381 780 locutus
402 730 456 790 est,
479 733 506 778 et
535 722 609 778 dixit
631 721 790 780 Dominus:
807 744 822 774 «
847 724 941 790 Quare
991 719 1123 776 Verbum
1138 719 1255 776 Domini
1271 721 1380 776 versari
1397 720 1547 791 dignatum
1564 721 1623 777 sit:
1640 720 1817 778 etundshoo

109 812 208 868 innius
222 829 265 881 cs,
280 816 310 868 ot
324 827 377 868 cur
388 809 516 867 concidit
526 810 613 866 iacies
625 809 712 867 tuest
722 833 736 862 »
748 809 825 883 (Gen.
836 811 886 883 vi.)
900 811 939 866 ttd
992 809 1109 879 probari
1134 808 1252 879 potest?
1277 813 1315 864 [tx
1336 807 1400 880 ipso
1422 807 1516 864 Verbo
1541 809 1667 879 Domini,
1692 809 1818 888 maximo

111 900 234 957 Bauium
250 917 364 973 quoque
378 899 492 956 loeutus
507 903 575 955 est·
591 903 621 956 et
645 900 742 970 eliqua
761 900 834 956 dixit
855 905 939 968 Deus,
993 897 1062 954 dum
1075 898 1105 952 in
1121 898 1246 955 Jenemiu
1261 899 1333 954 dicit
1348 915 1354 954 :
1370 920 1384 949 n
1397 896 1654 955 Holocaustomata
1664 903 1758 955 vestre
1769 898 1818 953 ed·

110 995 144 1047 et
160 991 199 1044 ite
215 989 301 1046 etiam
318 989 353 1045 de
368 987 418 1045 illo
433 989 575 1060 seriptum
591 993 636 1045 est
652 989 742 1045 semel
766 993 795 1046 ot
819 989 939 1057 iterum,
992 987 1052 1045 dite
1067 987 1193 1044 victimis
1209 987 1324 1055 vestris,
1339 991 1368 1044 et
1382 987 1523 1044 comedite
1539 1003 1652 1055 cernes,
1677 987 1743 1058 quin
1759 1003 1816 1042 non
1905 1057 1909 1066 Ι

111 1081 186 1152 quin
199 1077 341 1134 Dominus
353 1076 448 1150 posuit
459 1077 579 1134 verbum
590 1077 620 1133 in
631 1093 681 1134 oce
691 1079 766 1149 ejus.
778 1081 810 1132 ltt
821 1078 857 1133 ds
868 1079 940 1148 ipsis
992 1095 1059 1134 aum
1076 1076 1192 1134 loeutus
1210 1093 1276 1134 cum
1293 1077 1426 1149 patribus
1440 1079 1555 1144 vestris,
1573 1083 1602 1133 et
1617 1094 1674 1134 non
1695 1075 1818 1148 precepi

111 1166 251 1224 ambolus
264 1166 331 1238 quis
341 1165 602 1238 nescietquodnon
613 1167 819 1237 pertinesotad
832 1170 940 1222 sortem
992 1167 1035 1224 eis
1050 1167 1080 1223 in
1096 1165 1143 1223 die
1160 1183 1217 1239 qua
1232 1167 1317 1223 eduxi
1333 1184 1382 1224 eos
1397 1170 1434 1224 de
1448 1173 1523 1224 tenca
1539 1166 1663 1240 AEgppti,
1679 1167 1716 1223 de
1728 1166 1818 1222 verbo

105 1257 259 1328 justorum
275 1256 338 1310 sivo
351 1259 541 1322 sauctorum
559 1254 619 1327 qui,
635 1259 668 1310 ut
678 1255 741 1323 iam
758 1255 940 1325 dictumest,
992 1255 1279 1312 holocaustomatum
1297 1260 1326 1312 et
1340 1257 1536 1326 victimarum,
1553 1257 1602 1312 scd
1619 1256 1673 1312 boo
1695 1254 1817 1311 verbum

111 1367 129 1396 n
145 1361 251 1400 omnes
265 1342 306 1399 dii
333 1348 361 1399 et
385 1341 438 1399 lilii
457 1342 568 1400 Dxcelsi
593 1342 709 1399 suntl-
728 1342 817 1414 (Psoi.
833 1345 940 1418 nxxxi.)
992 1343 1115 1416 praecepi
1131 1345 1173 1401 eis
1188 1344 1310 1401 dicens:
1332 1344 1438 1401 Audite
1461 1361 1562 1400 vocem
1589 1360 1694 1412 meum,
1718 1350 1747 1400 et
1768 1358 1817 1398 oco

110 1432 197 1490 Unde
212 1432 369 1504 diligenter
386 1432 558 1504 notandum,
574 1432 643 1506 quia
658 1433 810 1505 signanter
829 1433 939 1490 dietum
992 1433 1071 1490 vobin
1086 1438 1174 1498 Deus,
1189 1437 1218 1489 ot
1232 1449 1282 1490 vos
1297 1433 1378 1489 eritis
1393 1433 1467 1488 mihi
1483 1432 1620 1505 populus,
1631 1437 1660 1488 et
1671 1429 1818 1488 ambulate

110 1527 170 1591 est,
187 1520 329 1579 Dominus
344 1521 442 1594 posuit
457 1521 578 1578 verbum
592 1521 623 1576 in
638 1536 687 1577 oce
701 1522 775 1592 ejus,
794 1521 940 1577 utsubin-
990 1526 1021 1580 in
1038 1523 1117 1580 omui
1132 1523 1281 1596 uinquam
1297 1523 1432 1578 mandavi
1447 1523 1540 1591 vobis,
1557 1526 1589 1577 ut
1609 1523 1682 1578 bene
1705 1519 1744 1575 sit
1767 1536 1816 1576 vo·

111 1611 228 1680 telligit
244 1609 511 1681 prodenssuditor,
523 1612 552 1665 et
562 1625 620 1666 non
631 1610 718 1666 etiam
729 1611 758 1664 in
769 1610 856 1667 cordo
866 1612 940 1681 eiu,
992 1613 1038 1669 bis
1056 1613 1122 1683 (ier.
1147 1612 1207 1683 vu).
1234 1633 1248 1662 n
1276 1613 1378 1683 linqua
1400 1612 1470 1666 dnm
1500 1609 1627 1683 legimus
1653 1610 1763 1682 passim
1786 1611 1815 1664 tn

110 1699 193 1772 quod
210 1703 286 1756 esset
299 1698 401 1770 utique
419 1699 525 1756 lactum
541 1714 607 1755 esse
618 1699 653 1754 ad
665 1715 732 1756 eum
743 1699 871 1756 Verbum
883 1699 938 1756 Do·
958 1733 978 1796 B
994 1700 1145 1773 Scriptura
1155 1699 1239 1772 legis,
1247 1721 1262 1752 n
1273 1699 1447 1756 Locutuseat
1455 1697 1597 1753 Dominus
1608 1699 1643 1753 ed
1656 1701 1774 1768 Moysen
1789 1699 1819 1750 et

112 1788 202 1854 mini,
218 1787 287 1859 quia
300 1785 436 1842 videlieet
451 1786 488 1842 ad
508 1803 558 1842 eor
582 1803 730 1858 nunquam
756 1789 819 1844 sine
842 1804 941 1846 umore
994 1794 1103 1855 Aaron,
1119 1809 1134 1838 »
1150 1797 1177 1844 et
1190 1788 1296 1844 deinde
1311 1787 1501 1859 subsequitur
1518 1787 1576 1842 tsle
1588 1786 1658 1857 quid
1672 1803 1679 1842 ε
1691 1788 1758 1841 Hac
1773 1788 1818 1839 est

111 1876 213 1934 cordis
228 1876 359 1946 pervenit
373 1875 499 1932 Verbum
515 1875 642 1947 Domini,
659 1892 712 1932 neo
726 1876 827 1933 deesse
836 1879 940 1950 potest,
994 1877 1107 1949 religio,
1124 1878 1167 1933 sio
1181 1882 1211 1933 at
1225 1877 1265 1932 sic
1280 1876 1417 1945 offeretis,
1435 1875 1488 1932 boc
1503 1875 1547 1931 vel
1563 1875 1635 1932 illud
1652 1875 1681 1930 in
1702 1873 1816 1930 sacrifi·

110 1967 185 2038 quin
201 1965 243 2021 dti
258 1964 318 2022 sint
331 1969 359 2021 et
375 1963 427 2020 tttii
444 1963 556 2021 Excelsi
571 1980 686 2033 omnes,
704 1965 738 2021 sd
756 1981 830 2037 quos
842 1966 940 2022 sinuc-
995 1967 1087 2022 eundo
1102 1965 1313 2035 observabitis3
1329 1965 1359 2021 io
1376 1965 1524 2036 prophetis
1536 1973 1644 2030 autem,
1656 1968 1689 2019 ut
1700 1963 1728 2017 in
1741 1964 1815 2018 isto:

109 2055 192 2111 Didii
205 2053 332 2110 V⁰lb¹¹ffl
348 2052 475 2110 nmini·
1030 2063 1093 2119 Non
1108 2079 1176 2120 sum
1192 2063 1321 2130 locutus,
1337 2066 1366 2118 st
1385 2077 1442 2118 non
1459 2060 1581 2133 precepi
1592 2058 1816 2116 deverbobolo·

411 2159 532 2218 CAPUT
548 2160 644 2217 XXVI.
995 2156 1211 2208 oaustometum
1228 2156 1258 2208 st
1277 2151 1474 2220 victimarum,
1491 2171 1506 2200 »
1521 2159 1546 2206 et
1558 2148 1684 2205 inDavid
1697 2165 1704 2204 :
1717 2152 1819 2203 attun-

111 2271 172 2327 Non
202 2269 309 2342 lloysen
337 2269 452 2339 reliquis
485 2269 625 2342 propinetis
661 2279 862 2340 comparatum,
898 2271 944 2328 sed
997 2240 1069 2311 quid
1085 2239 1565 2304 nnndnonbonarncstaurnrum,
1581 2235 1819 2308 autsuopuioem

151 2342 240 2412 lenem
252 2341 485 2412 promissionibus
498 2343 602 2415 qratiae
620 2342 751 2397 cellutam
773 2342 944 2416 inferiorem
1000 2327 1146 2385 hll0⁰l⁰ffl
1159 2328 1265 2400 D⁰l¹b⁰
1275 2327 1289 2382 Ῡ
1299 2349 1312 2378 '¹
1324 2328 1410 2400 (Pull-
1424 2329 1510 2397 xmx.)
1519 2327 1604 2396 Dum,
1615 2326 1748 2399 inquam,
1760 2324 1821 2379 hm

150 2428 217 2480 etse,
232 2427 265 2468 co
277 2412 348 2484 qnod
360 2429 497 2485 nunquam
514 2412 634 2485 hoctun,
649 2415 760 2469 Pactum
775 2424 815 2471 est
831 2415 945 2471 Verbum
998 2417 1134 2490 legimus,
1155 2417 1294 2488 quoniam
1312 2433 1368 2473 oon
1386 2421 1481 2488 potest
1496 2417 1569 2472 solvi
1586 2416 1747 2488 Scriptura,
1763 2414 1823 2468 sive

154 2485 266 2540 ”mill
280 2486 316 2540 “d
332 2487 457 2558 mim·
998 2503 1113 2578 legalis,
1130 2507 1190 2562 sive
1205 2504 1386 2578 prophetico,
1407 2505 1468 2562 sive
1493 2504 1680 2576 psalmistica,
1706 2517 1823 2559 neeesse

153 2593 236 2646 Forte
252 2590 323 2644 dicit
336 2589 464 2661 uliquis:
480 2588 556 2645 Num
569 2606 638 2664 ergo
663 2591 779 2664 Moyses
802 2591 943 2666 propheta
1000 2602 1045 2654 est
1059 2596 1189 2654 divorsos
1204 2613 1267 2652 esse
1292 2595 1431 2667 loquendi
1455 2597 1559 2651 modos
1583 2595 1623 2650 ita
1645 2595 1822 2666 differentes,

115 2678 234 2737 Domini
247 2678 402 2748 ωἰῠοῐθθῑ,
415 2679 574 2736 autminus
584 2677 736 2752 diguitatis
750 2680 837 2737 habel
856 2696 945 2753 quum
1000 2687 1077 2744 sicut
1092 2685 1231 2742 differunt
1246 2686 1380 2740 voluntas
1395 2690 1424 2740 et
1437 2684 1602 2757 permissio·
1626 2684 1698 2739 Nam
1719 2699 1825 2739 secun·

118 2773 290 2831 caetecocum
309 2767 581 2840 aliquis,quonism
599 2770 634 2826 de
657 2769 706 2826 illo
727 2770 877 2840 Scriptura
906 2770 948 2825 aio
1001 2776 1072 2830 dum
1103 2773 1327 2846 permissionem
1356 2774 1471 2830 loeutus
1498 2779 1543 2830 est
1567 2773 1706 2830 Dominus
1730 2773 1824 2844 legam

119 2873 270 2930 nusquam
314 2857 430 2914 relect:
467 2857 587 2914 Factum
625 2864 670 2915 est
706 2859 845 2928 verbum,
881 2857 947 2925 vel,
1002 2861 1242 2920 ceremoniarum
1259 2861 1318 2917 sive
1334 2862 1556 2929 sacrificiorum,
1572 2861 1707 2916 videlieet
1729 2860 1826 2914 consi·

127 2948 234 3003 Factus
261 2954 304 3002 est
327 2946 364 3002 od
387 2949 505 3019 Moysen
527 2963 623 3004 sermo
649 2947 787 3004 Domini?
811 2947 948 3019 Nunquid
1004 2949 1134 3006 uenando
1148 2954 1219 3006 tuuc
1234 2947 1376 3020 temporis
1392 2949 1561 3020 qualitatem
1585 2947 1749 3014 bominum,
1775 2945 1825 3017 qni

128 3033 233 3092 obhoc
260 3034 358 3090 minus
387 3034 476 3091 habet
503 3051 590 3107 quem
621 3036 728 3106 oteteci,
758 3037 807 3108 qui
833 3040 951 3109 proptor
1006 3039 1109 3111 utique
1123 3039 1160 3093 ab
1175 3037 1318 3108 ejusmodi
1332 3035 1484 3092 enotificiis
1500 3037 1590 3091 sineri
1614 3052 1669 3092 non
1695 3038 1826 3106 possent,

128 3122 238 3177 laetum
254 3123 289 3176 ad
305 3138 337 3178 ss
351 3137 516 3178 sermonem
534 3124 592 3191 Dei,
609 3124 789 3210 dieuntunet
804 3129 874 3180 sunt
896 3123 949 3180 filii
965 3089 990 3156 G
1005 3133 1034 3184 et
1061 3127 1085 3182 si
1111 3143 1167 3182 oon
1192 3125 1293 3182 liceret
1313 3126 1356 3182 eis
1379 3124 1503 3182 Domino
1524 3139 1627 3180 cernes
1652 3123 1827 3190 sacrificare,

131 3209 321 3266 ExcelsilAd
336 3211 397 3268 bae
408 3212 551 3283 inquam:
568 3212 629 3269 Nou
646 3215 747 3285 utique
761 3213 947 3270 inhoodaco-
1004 3219 1068 3275 sine
1083 3215 1171 3271 dubio
1194 3214 1378 3271 doemonibus
1402 3213 1610 3270 sacrificarent.
1635 3215 1672 3269 At
1691 3227 1760 3268 voco
1781 3227 1826 3268 se·

127 3309 212 3371 gatus
226 3301 326 3372 Moysi,
340 3301 445 3372 dequo
461 3317 517 3357 non
533 3301 950 3375 ignoramusscciptum,quie
1004 3305 1134 3363 nundum
1165 3304 1342 3361 voluntatem
1368 3320 1451 3360 suem
1481 3303 1596 3359 loeutus
1623 3306 1666 3358 cst
1691 3305 1765 3358 Deus
1791 3301 1827 3356 ad

126 3388 300 3460 loquebatur
314 3392 350 3444 sd
366 3405 434 3444 eum
453 3392 591 3447 Dominus
607 3391 679 3448 lucie
694 3393 728 3447 nd
738 3391 841 3448 laniem
852 3392 949 3466 (cnon.
1004 3397 1164 3464 Abrabam,
1180 3400 1209 3451 et
1223 3396 1383 3451 seeundum
1400 3411 1450 3451 cor
1464 3409 1550 3450 snum
1563 3396 1772 3448 testemonium
1792 3390 1828 3446 ed

126 3482 237 3553 xxxiv),
252 3482 339 3537 sicuti
352 3481 431 3553 loqui
448 3481 522 3538 solet
538 3483 623 3539 bomo
638 3484 674 3539 ed
699 3485 826 3540 amioum
851 3501 948 3540 suum.
1005 3503 1072 3543 eom
1089 3485 1280 3553 confirmavit,
1298 3485 1461 3542 secundum
1477 3483 1659 3539 voluntatem
1674 3485 1704 3536 et
1717 3495 1828 3537 seeun-

126 3570 168 3627 De
183 3588 240 3643 quo
253 3572 354 3627 itidem
366 3573 520 3644 Scriptura
534 3573 736 3630 testimonium
752 3574 894 3630 babemus
907 3575 951 3628 di·
1006 3577 1075 3632 dum
1092 3591 1244 3632 corsuum
1260 3573 1376 3630 locutus
1395 3578 1441 3630 est
1465 3573 1494 3628 in
1518 3571 1680 3645 prophetis.
1705 3570 1830 3626 Pulchre

128 3661 240 3718 nentis:
259 3682 273 3710 ιι
288 3662 322 3716 itt
337 3677 391 3718 nos
406 3664 532 3717 surrexit
547 3663 687 3733 propheta
704 3661 780 3718 ultra
804 3663 834 3718 in
864 3662 951 3717 lsrael
1007 3664 1097 3736 igitur
1111 3663 1255 3718 discernis
1271 3663 1371 3733 legens
1387 3663 1430 3717 vel
1446 3662 1569 3718 audiens
1586 3663 1694 3716 loetum
1711 3660 1746 3714 ud
1764 3658 1830 3715 illos

131 3747 433 3821 sicutliloyses,quem
444 3754 545 3806 nosset
555 3751 694 3806 Dominus
704 3751 776 3806 lacis
793 3751 828 3804 od
839 3751 951 3818 lactem,
1007 3765 1072 3807 esse
1087 3751 1206 3806 verbum
1224 3749 1350 3817 Domini,
1367 3750 1391 3804 si
1408 3749 1484 3820 quod
1501 3749 1556 3805 sub
1569 3749 1621 3804 bno
1632 3747 1832 3802 enuntiatione

132 3838 161 3892 in
178 3837 315 3894 omuibus
330 3839 423 3910 signis
439 3842 526 3910 atque
548 3839 689 3911 portentis
713 3839 800 3899 (Dent.
814 3839 920 3908 xxxiv).
937 3859 952 3888 n
1008 3838 1118 3894 dictum
1135 3838 1180 3894 val
1195 3840 1335 3906 scriptum
1352 3842 1407 3904 est,
1423 3836 1498 3890 seins
1515 3852 1570 3890 non
1588 3849 1672 3906 posse
1688 3833 1828 3888 iniectum

131 3926 224 3998 Magis
239 3930 336 3983 eutem
356 3928 481 3985 diminui
504 3927 647 3984 sentimus
672 3927 844 3997 dignitatem
868 3925 952 3998 legis,
1009 3943 1139 3993 menore,
1154 3941 1212 3982 non
1229 3941 1313 3996 posse
1327 3929 1518 3986 veterescere,
1535 3940 1592 3979 non
1608 3937 1694 3994 posse
1711 3921 1830 3988 mutari,

130 4033 193 4087 qnae
206 4032 255 4088 per
276 4017 403 4089 Moysem
429 4018 497 4073 data
520 4022 576 4084 est,
601 4016 818 4088 compunctione
843 4015 953 4087 gratim,
1010 4032 1067 4072 non
1085 4030 1170 4088 posse
1185 4013 1339 4079 infirmari,
1356 4011 1531 4084 faciliusque
1545 4012 1649 4067 omium
1671 4014 1700 4064 et
1722 4013 1829 4064 tecnam

131 4107 208 4160 cinca
223 4122 312 4178 qoam
327 4105 483 4179 propbetas
493 4106 602 4161 versari
614 4103 801 4160 manifestum
813 4108 867 4170 est,
880 4119 953 4160 eom·
1010 4105 1146 4174 transire,
1163 4120 1251 4176 quom
1267 4103 1430 4174 quidquam
1445 4102 1481 4157 do
1495 4100 1582 4156 verbo
1596 4098 1646 4154 illo
1671 4097 1763 4153 minui
1788 4096 1832 4152 vel

132 4192 284 4266 putatione
298 4195 476 4261 testamenti,
493 4195 570 4266 quod
584 4194 618 4249 ad
635 4193 782 4250 Abrohom
807 4191 954 4249 [limatum
1011 4195 1135 4267 pruteni.

588 4510 661 4567 ⁵⁷¹
708 4529 959 4651 LIBER
1005 4529 1349 4652 SEXTUS.

401 4903 517 4961 CAPUT
538 4901 690 4960 Pfltuttu.
975 4903 998 4968 D
1013 4903 1432 4974 praeminetmembrtnctstn
1444 4896 1836 4957 subservieruntillisadvsn·

134 4992 210 5064 Quod
225 5006 301 5063 repes
316 4997 340 5045 et
351 5003 446 5056 reqno,
458 4985 569 5056 antiqui
578 4982 705 5039 (trunonis
713 4983 809 5049 cupite
819 4981 957 5038 dicuntur.
1021 5011 1073 5049 su,
1090 4999 1178 5049 neum
1194 5009 1295 5048 omnes
1310 4989 1564 5061 iniquj‚quom0d0
1580 4986 1712 5043 membra
1722 4989 1837 5042 subger.

171 5099 210 5155 De
225 5095 344 5168 regibus
358 5099 387 5150 et
400 5092 508 5162 regnis,
522 5105 586 5160 quc
596 5089 693 5159 cupita
705 5083 960 5158 draconissntiqui
1014 5085 1098 5138 vinnt
1112 5083 1211 5152 ospiti.
1227 5081 1274 5136 Vn
1290 5097 1359 5151 crgo
1374 5078 1444 5143 illis,
1460 5076 1687 5149 quiaquantum
1703 5076 1836 5148 proemi-

137 5195 304 5243 meruenuot
319 5183 387 5246 diei,
406 5185 524 5252 propter
540 5177 771 5244 moonitodio'em
798 5175 959 5246 iniqnitatis
1015 5173 1177 5228 nueruntin
1188 5169 1445 5242 potentis‚tantum
1458 5166 1835 5238 pteegcnventurlnseoten·

137 5265 958 5347 (omnesenitniniquidicuntur,etsuntmembnndioboli
1015 5253 1836 5333 tin,qoontuminglorin.tuntnminpoene‚itsdesingulis

138 5354 962 5436 quiadiabolispiritupleni)oderuntVerbooiDei.ltlnnu·
1015 5367 1115 5408 sorum
1126 5347 1245 5418 justitia
1259 5345 1310 5402 Dei
1328 5347 1405 5401 ilicet
1418 5361 1424 5401 :
1437 5367 1451 5395 n
1466 5346 1612 5409 Quantum
1624 5342 1836 5416 glorifieavitse

138 5459 197 5510 tom
208 5451 374 5522 cognomine
384 5449 498 5506 illorum
512 5463 593 5520 rages
606 5461 772 5518 regnorum,
782 5445 960 5516 sicpraeemi-
1015 5447 1043 5498 et
1058 5443 1088 5496 in
1103 5438 1216 5494 deliciis
1232 5437 1298 5501 luit,
1314 5441 1426 5492 tantum
1443 5437 1508 5490 dete
1523 5442 1550 5490 et
1566 5441 1743 5490 tormentum
1755 5443 1781 5488 et
1796 5433 1839 5490 lu·

138 5533 961 5610 nebunthominibusiniquisquomodoinoocporecaput
1015 5537 1094 5586 otum
1110 5529 1200 5598 (Apcc.
1216 5525 1306 5596 xviii).
1323 5545 1338 5574 n
1354 5527 1426 5581 Item
1442 5528 1471 5579 et
1487 5523 1557 5579 illud
1570 5524 1646 5597 quod
1657 5525 1693 5580 ed
1705 5525 1836 5598 primum
