3980 6056
102 381 108 392 Ι
163 269 226 357 ror
705 291 875 353 nurusrr
898 291 1069 354 aaaarrs
1091 293 1336 378 rurrruusrs
1571 373 1576 380 ,
1810 303 1870 363 soe

169 428 252 486 illum
263 427 525 497 luctantum,istum
536 423 760 482 inslismateria
771 423 902 496 magistri
914 440 988 496 opus
1003 432 1030 496 Α
1044 423 1128 482 initio
1143 425 1209 482 libri
1226 429 1369 484 Geneseos
1385 433 1483 500 aperte
1495 429 1769 504 exprimitsiugula
1785 449 1868 488 nam·

164 517 338 585 imitantem,
356 517 405 571 sed
422 516 515 570 Deum
531 515 643 570 Patreru
659 513 758 568 omnia
779 513 944 579 iacientem,
961 519 988 568 et
1044 530 1100 586 que
1115 531 1203 586 opera
1223 521 1298 573 Deus
1313 517 1440 586 primurn
1457 517 1519 589 ipae
1534 519 1615 588 lacit,
1631 519 1736 576 deiude
1751 521 1868 594 singula
1977 591 1978 604 χ

164 622 229 660 curn
246 605 296 660 illo
307 609 395 661 Deum
405 603 508 662 Filium
520 604 620 658 eudem
634 607 740 658 cuncta
750 606 986 674 componentem.
1043 604 1121 661 videt
1135 609 1164 661 et
1178 607 1213 662 de
1227 605 1354 678 singulis
1365 606 1490 678 judicat,
1505 609 1575 679 quia
1590 609 1700 667 bouum
1711 616 1765 667 est.
1781 611 1869 668 Vide·

164 697 227 766 Ipse
245 693 321 749 enim
340 692 432 748 Filius
444 688 690 762 l'atrissapientia
707 690 754 746 Dei
767 695 854 746 astae
865 690 987 763 proinde
1042 691 1109 748 licet
1125 693 1208 750 Pater
1227 695 1257 749 iu
1281 712 1333 751 sua
1358 712 1482 768 persona
1503 701 1650 771 operatur,
1670 699 1699 754 iu
1723 701 1796 756 Filio
1815 719 1868 756 suo

163 791 218 839 uon
235 782 320 840 aliter
341 783 404 838 sina
428 782 515 838 dubio
538 781 762 853 intelligendum
787 784 832 836 εει
855 781 884 834 id
908 780 986 851 quod
1042 779 1153 852 (utpote
1168 782 1216 853 qui
1232 787 1276 838 eet
1291 784 1778 858 sapientiasua)singulavidet,in
1792 789 1869 846 bona
1977 847 1978 856 ,

162 887 239 927 nuuc
255 873 291 927 de
306 872 402 944 seipso
418 871 487 926 dicit
502 871 603 938 Filius,
620 885 709 941 quum
726 869 797 924 illud
815 870 891 942 quod
916 868 986 924 alibi
1040 866 1190 926 voluntate
1205 887 1269 941 aua,
1286 870 1397 929 scilieet
1412 873 1441 928 in
1457 873 1566 944 Spiritu
1584 880 1685 932 saneto
1706 877 1867 934 delectatus

161 961 212 1016 ilai
228 957 656 1032 sapientiadeaeipsaloquitur
668 976 674 1014 :
687 983 700 1010 o
711 959 831 1024 Quando
842 975 986 1030 prepara·
1041 955 1122 1024 dicit,
1139 957 1206 1030 quia
1222 982 1236 1010 «
1253 960 1361 1016 bouum
1378 965 1433 1018 est.
1446 984 1456 1012 ι
1467 963 1708 1034 Cumqueomuia
1718 965 1868 1037 sapientis

162 1051 211 1106 bat
225 1050 312 1107 coelos
328 1052 463 1118 sderam3
481 1050 597 1121 quaudo
612 1054 692 1105 certa
706 1048 767 1120 lega
778 1052 806 1104 ct
816 1063 886 1120 gyro
897 1046 985 1103 valla·
1040 1045 1115 1116 ejus,
1131 1045 1158 1100 id
1175 1055 1228 1118 est,
1245 1047 1316 1104 Filio
1334 1049 1535 1107 demonstrata
1552 1051 1724 1124 placeautat
1736 1053 1868 1126 singulo-

161 1141 211 1195 bat
226 1141 367 1210 abyssos,·
383 1141 500 1212 quando
515 1139 620 1194 athera
637 1138 773 1193 firmabat
783 1153 901 1193 sursum
914 1142 942 1192 ει
952 1135 984 1192 li·
1041 1148 1106 1188 rum
1123 1134 1197 1190 lacta
1211 1135 1325 1192 dierum
1346 1137 1422 1194 bona
1435 1139 1607 1208 Judicentur
1621 1139 1651 1195 iu
1667 1140 1728 1197 solo
1744 1143 1866 1198 secundi

161 1229 265 1286 brabat
285 1230 379 1285 lentes
392 1244 532 1299 aquarum
545 1271 552 1296 ,
565 1227 682 1298 quando
697 1226 898 1282 circumdabat
909 1225 983 1281 mari
1040 1224 1098 1282 diei
1113 1241 1197 1297 opere
1212 1231 1335 1296 tucatur,
1353 1229 1463 1286 scilicet
1485 1230 1535 1287 ubi
1560 1248 1644 1303 aquae
1672 1236 1836 1305 superiores
1851 1253 1868 1289 a

162 1318 318 1373 terminum
334 1333 431 1382 suum,
448 1321 476 1373 et
491 1316 584 1388 legem
596 1315 721 1386 ponebat
733 1315 829 1387 aquia,
841 1329 876 1369 na
888 1319 984 1372 trans·
1039 1314 1252 1373 subterioribus
1275 1317 1455 1386 dividuntur,
1483 1321 1666 1392 maximeque
1691 1321 1762 1377 illud
1788 1325 1865 1394 quod

161 1406 237 1463 irent
254 1407 326 1463 lines
346 1407 567 1479 suos;quando
589 1405 772 1478 appendebat
793 1404 985 1460 fundamenta
1038 1403 1222 1474 premissum
1248 1411 1305 1474 est,
1336 1428 1347 1456 ι
1373 1407 1530 1479 divisitque
1554 1407 1644 1466 lucem
1674 1415 1704 1465 ει
1732 1412 1867 1467 tenebras

161 1507 241 1554 terrae
253 1516 260 1567 ;
272 1515 338 1554 cum
352 1515 386 1554 eo
407 1513 486 1554 eram
510 1500 616 1553 cuncte
624 1511 814 1568 componens,
823 1500 851 1551 ει
861 1495 984 1552 delecte·
1038 1491 1115 1562 (den.
1131 1493 1161 1563 ι),
1180 1515 1194 1542 r
1211 1503 1238 1549 et
1252 1493 1339 1551 laude
1353 1496 1421 1552 boni
1438 1495 1609 1553 secluditur.
1621 1497 1695 1554 Num
1707 1502 1864 1571 autequam

160 1587 213 1642 bur
227 1603 277 1658 per
290 1586 420 1657 singulos
436 1587 508 1656 dies,
524 1585 630 1642 ludens
645 1601 742 1641 eoram
759 1601 792 1640 co
812 1584 890 1640 omni
908 1588 981 1640 tem·
1038 1579 1134 1637 dieat:
1152 1602 1166 1630 ι
1183 1581 1344 1655 Divisitque
1357 1582 1452 1641 lucum
1475 1589 1505 1642 ει
1527 1586 1676 1656 tenebras,
1695 1609 1709 1638 ι»
1735 1588 1865 1642 laudatio

159 1692 227 1745 pore
241 1700 248 1742 ;
262 1675 364 1730 ludens
381 1675 409 1731 in
426 1676 495 1731 orbe
505 1679 660 1739 terrarum,
672 1677 700 1729 et
715 1672 824 1729 delicie
836 1689 907 1728 mese
917 1688 982 1729 esse
1037 1668 1130 1726 solius
1145 1669 1219 1728 lucis
1235 1673 1430 1743 premittitur,
1442 1673 1555 1731 dicente
1571 1677 1740 1748 Scriptura:
1757 1701 1767 1726 ι
1781 1678 1815 1733 Et
1826 1679 1865 1733 vi-

159 1782 224 1820 cum
242 1764 309 1821 filiis
320 1764 473 1820 homiuum
486 1765 577 1835 (Prou.
589 1763 662 1836 vsu).
676 1785 689 1812 o
701 1762 907 1834 lgiturcuncta
918 1777 981 1834 qus
1037 1759 1079 1814 dit
1095 1763 1169 1815 Deus
1185 1761 1277 1818 lucem
1294 1763 1371 1834 quod
1387 1767 1465 1820 csset
1481 1763 1569 1832 bona,
1586 1786 1600 1814 r
1625 1770 1714 1836 atque
1740 1765 1779 1821 ila
1803 1767 1866 1824 sinc

86 1891 89 1897 -
159 1851 982 1925 Puterlaeit,nonmiuusFiliiquumPatrisoperasunt.
1038 1847 1124 1904 leude
1139 1849 1321 1908 extrinsecus
1338 1853 1540 1926 subjungitur,
1557 1877 1570 1906 ι
1589 1855 1746 1927 divisitque
1768 1858 1863 1914 lucem

161 1945 215 2002 Sed
227 1944 362 2001 ctadbuc
373 1962 478 2017 parum
489 1945 599 2001 dictum
611 1949 663 2000 eat.
676 1944 811 1999 Nondum
823 1945 900 2000 euim
913 1943 985 2000 satis
1037 1945 1064 1990 el
1079 1937 1214 1994 tenebras
1229 1939 1331 2012 (ibid)-
1349 1963 1363 1991 »
1379 1941 1510 2015 Denique
1527 1944 1555 1998 iu
1576 1944 1630 2001 boc
1650 1947 1805 2002 mundanos
1821 1949 1865 2002 ls-

157 2039 254 2104 uperte
278 2033 368 2090 claret
393 2035 469 2090 unde
493 2033 533 2090 sit
556 2034 604 2090 illa
628 2039 686 2089 tam
714 2033 984 2089 coueors'societus
1037 2025 1133 2094 brice,
1150 2026 1258 2082 visibili
1276 2044 1372 2100 opere,
1389 2047 1454 2088 cuin
1472 2033 1612 2089 divideret
1634 2035 1711 2090 Deus
1733 2034 1826 2091 lucem
1848 2058 1865 2093 u
1977 2027 1978 2050 i

155 2129 272 2194 temque
288 2121 404 2178 socialis
420 2123 585 2188 concordia,
602 2131 632 2178 ut
652 2121 725 2178 alter
743 2122 807 2178 sine
831 2119 931 2190 altero,
954 2119 982 2175 id
1037 2115 1864 2197 tenebrisvclabequisaquas,dan1naiuvisibilispatriar

158 2215 211 2278 eat,
229 2215 314 2268 Pater
329 2214 392 2268 siue
409 2210 490 2282 Filio,
506 2210 550 2267 val
562 2209 654 2266 Filius
666 2210 729 2266 sine
741 2210 821 2266 Patre
833 2208 873 2264 nil
887 2208 982 2264 iaciat.
1036 2203 1220 2275 respiciebat,
1234 2205 1282 2260 ubi
1295 2206 1363 2262 muli
1375 2208 1471 2280 angeli
1487 2213 1633 2282 peccando
1649 2214 1773 2270 tenebrae
1785 2215 1863 2286 lacti,

156 2301 294 2372 Sequitur
309 2318 396 2374 ergo:
1036 2291 1141 2363 aleca,
1158 2294 1186 2348 id
1201 2298 1256 2366 est,
1272 2311 1289 2350 a
1303 2294 1388 2353 bonis
1404 2301 1517 2372 augelis
1530 2301 1616 2358 divisi
1628 2307 1708 2370 sunt,
1724 2309 1753 2360 et
1764 2306 1864 2361 multi·

194 2413 207 2440 ι(
224 2391 394 2446 Patcrsuirn
410 2389 508 2462 diligit
523 2389 640 2454 Filium,
657 2388 794 2444 etomnia
805 2389 986 2442 demonstrat
1036 2383 1153 2439 tudincs
1166 2384 1293 2438 adversm
1305 2387 1520 2446 amultitudins
1531 2392 1701 2463 augelorum
1715 2393 1743 2449 in
1759 2411 1862 2467 super-

159 2482 186 2536 ει
206 2496 268 2550 que
283 2481 346 2552 ipae
362 2479 440 2536 lacit.
451 2479 533 2535 »Hoc
545 2479 608 2549 jem
619 2476 677 2532 alio
688 2476 750 2532 loco
762 2476 792 2532 iu
805 2475 983 2543 testimonio,
1037 2477 1082 2533 uis
1106 2479 1338 2551 persistentium,
1362 2481 1441 2537 velut
1465 2482 1527 2538 istae
1553 2485 1744 2542 elementares
1769 2504 1863 2557 aqum,

157 2569 234 2641 quod
247 2568 545 2639 perbibuitloanues,
558 2567 670 2622 dictum
685 2565 808 2636 estquis
821 2563 984 2621 Paterdili·
1037 2571 1143 2622 aeterno
1159 2567 1344 2627 firmamento
1369 2571 1468 2626 divisse
1491 2580 1569 2628 suut.
1595 2575 1683 2646 Cujus
1709 2575 1863 2633 divisionis

161 2657 203 2724 eit
216 2656 333 2725 Filium,
350 2655 461 2712 scilicet
476 2672 533 2712 nou
551 2655 608 2711 aliu
623 2653 787 2720 dilectione,
800 2652 856 2708 uisi
872 2651 983 2723 Spiritu
1036 2656 1133 2728 imago
1147 2661 1192 2712 est
1204 2661 1305 2714 eadem
1330 2659 1431 2716 divisio
1456 2677 1610 2732 aquarum,
1635 2663 1733 2727 eadem
1761 2666 1863 2724 divisio

163 2749 274 2812 saneto,
293 2745 342 2816 qui
360 2744 488 2816 Spiritus
503 2748 623 2800 sauctus
639 2742 730 2798 Patris
746 2751 773 2798 ot
790 2741 851 2797 Filii
868 2739 984 2796 dilectio
1036 2742 1111 2798 lueis
1126 2747 1155 2799 et
1170 2746 1354 2804 tenebrarum
1370 2747 1541 2805 visibilium.
1558 2753 1659 2822 ltaque
1675 2769 1740 2808 cum
1760 2756 1863 2811 celera

159 2839 223 2892 ast:
240 2857 255 2885 a
271 2833 383 2906 Diligit,
397 2835 503 2906 iuquit,
522 2835 604 2890 Pater
627 2832 786 2902 etlilium,
811 2835 840 2888 et
863 2832 984 2887 damon·
1036 2832 1236 2892 demonstrata
1251 2837 1307 2892 sibi
1318 2853 1382 2908 quas
1392 2837 1477 2894 Pater
1489 2838 1863 2914 iaciebat,bonajudicaret

164 2929 237 2982 strat
250 2922 275 2980 ei
291 2922 390 2979 omnia
405 2940 471 2994 quas
485 2925 546 2996 ipse
562 2922 638 2978 lacit.
652 2944 665 2972 a
682 2921 718 2976 Ut
733 2921 800 2992 quid
812 2919 855 2976 illi
866 2920 984 2976 demon·
1036 2922 1180 2994 sapientia
1196 2922 1258 2993 Dei,
1275 2926 1309 2980 de
1325 2927 1379 2982 hoc
1395 2926 1468 2996 solo,
1481 2932 1512 2983 ut
1528 2929 1698 3000 predictum
1718 2937 1771 2998 ost,
1788 2933 1860 2990 divi-

157 3015 395 3086 strat‘lnunquid
406 3015 524 3072 utseiat
534 3015 609 3086 quod
621 3013 704 3086 prius
714 3011 880 3070 nesciebat?
892 3007 982 3068 absitl
1036 3011 1128 3066 sionis
1143 3017 1229 3084 opere
1244 3016 1344 3086 tacuit,
1361 3017 1431 3088 quia
1445 3016 1578 3073 videlicet
1593 3017 1622 3074 in
1639 3020 1779 3078 divisione
1795 3023 1860 3078 nul-

157 3106 306 3173 Quomodo
321 3105 400 3160 enim
418 3121 434 3158 a
449 3121 597 3176 quoquam
615 3120 668 3160 sua
689 3106 785 3174 potest
809 3100 914 3158 instrui
938 3117 984 3156 sa·
1035 3098 1094 3156 lius
1109 3105 1171 3156 erat
1185 3099 1362 3174 significatio
1377 3105 1455 3160 boui.
1473 3105 1564 3173 luitur
1579 3129 1593 3156 ι
1610 3107 1692 3163 Ρειει
1705 3109 1800 3182 diligit
1815 3111 1860 3166 lli-

155 3193 288 3267 pientia‘l
300 3195 335 3248 Et
349 3210 427 3248 nuuc
441 3192 519 3248 enim
535 3192 645 3248 dictum
662 3193 749 3248 estet
768 3189 906 3246 omuibus
928 3205 977 3243 uo·
1033 3188 1103 3244 lium
1122 3194 1150 3244 et
1162 3190 1344 3248 demonstrat
1359 3193 1384 3248 ει
1398 3194 1496 3250 οιιιιιιε
1511 3213 1574 3267 quae
1590 3195 1652 3268 ipse
1669 3197 1746 3266 lacit,
1760 3222 1773 3250 u
1791 3203 1861 3272 quta

154 3290 218 3340 turn
234 3287 289 3348 ast,
306 3283 377 3352 qula
391 3279 483 3336 Filius
497 3280 601 3336 estbei
617 3278 770 3352 sapientia.
783 3277 891 3350 thuid
910 3293 978 3348 crgo
1032 3279 1160 3348 prolecto
1177 3296 1243 3335 cum
1259 3280 1338 3337 omui
1355 3281 1506 3356 diligentia
1521 3284 1670 3356 sapientiae
1688 3304 1748 3344 suae
1759 3289 1793 3344 ud
1807 3291 1859 3346 bo·

153 3369 376 3428 demonstrabat
393 3369 491 3426 omnia
505 3385 568 3440 ques
585 3369 649 3440 ipse
664 3365 854 3423 lacitiPlaue
874 3383 930 3422 nou
948 3369 980 3420 ut
1033 3369 1625 3440 norcmipsiusornuialacitstsecundum
1639 3379 1857 3450 beneplacitum

150 3461 233 3529 sciat,
249 3459 299 3515 sed
317 3466 348 3514 ut
362 3456 502 3528 dijudicet
513 3456 621 3512 omuia.
635 3457 669 3511 lit
684 3455 803 3527 quidem
815 3454 892 3512 aliud
905 3471 979 3524 quo·
1031 3455 1110 3512 illius
1127 3457 1261 3516 universa
1276 3460 1438 3520 distribuit.
1455 3468 1594 3520 Attamen
1610 3469 1769 3524 notandum
1780 3473 1859 3542 quod

154 3565 211 3620 qus
227 3547 384 3603 dicendum
401 3549 457 3610 est,
473 3545 524 3601 sed
539 3543 594 3600 boo
610 3559 708 3600 verum
725 3549 780 3610 est,
792 3545 861 3616 quia
873 3561 930 3599 uon
942 3543 977 3599 ad
1032 3565 1089 3604 non
1104 3549 1140 3604 da
1155 3551 1301 3620 preterito
1316 3555 1447 3624 tompore
1464 3555 1547 3624 dixit,
1565 3562 1593 3612 ει
1608 3557 1857 3618 demonstravit&

149 3635 205 3692 hoe
220 3639 253 3690 ut
267 3633 453 3700 sciat,aedut
467 3630 979 3710 dijudicet,demonstratilliomnis
1030 3637 1129 3692 omnia
1144 3653 1207 3708 quae
1223 3639 1286 3710 ipse
1303 3640 1379 3697 lecit.
1396 3643 1474 3708 Quod
1488 3644 1512 3698 si
1527 3643 1658 3716 dixisset,
1673 3649 1708 3704 de
1720 3651 1858 3720 praerlicta

151 3729 211 3780 Non
227 3723 305 3780 euim
321 3721 415 3778 lacere
431 3719 590 3792 quidquam
601 3719 674 3786 vult,
686 3720 742 3776 uisi
755 3720 830 3792 quod
843 3721 914 3780 ribo
926 3742 976 3781 suo
1030 3723 1214 3783 solummodo
1238 3729 1385 3786 creatione
1402 3731 1511 3789 dixisse
1527 3739 1679 3804 putaretur
1698 3740 1774 3810 quod
1788 3747 1857 3796 tuuc

150 3811 276 3885 primurn
292 3808 406 3884 placeat
420 3813 579 3880 autequam
595 3808 689 3864 luciat.
706 3809 780 3875 Quid
791 3825 859 3881 ergo
872 3810 886 3866 ‘i
900 3813 975 3870 Num
1029 3814 1070 3870 illi
1086 3815 1337 3889 demonstraverit,
1354 3823 1470 3892 quaudo
1484 3821 1551 3878 illus
1568 3826 1600 3880 ut
1616 3831 1713 3882 essent
1737 3831 1856 3888 creavit.

147 3901 213 3956 istic
228 3900 383 3972 derogatur
399 3897 487 3967 Patri,
505 3904 644 3969 tauquam
658 3897 723 3954 Filii
737 3897 975 3968 dijudicationem
1028 3903 1081 3959 Sed
1104 3906 1239 3975 prasenti
1263 3915 1441 3980 tempore:«
1471 3911 1664 3982 demonstrat,
1696 3917 1801 3990 iuquit,
1829 3927 1857 3975 et

149 3990 179 4044 iu
191 3989 330 4061 operibus
346 3987 408 4042 suis
419 3989 597 4058 exspectanti
612 3985 725 4042 iabsit!
742 3985 803 4042 lmo
815 3988 975 4059 plurimum
1027 3993 1378 4068 omniaquaslacit,»qu0d
1389 4000 1551 4072 utiquenon
1561 4003 1857 4064 arbiirpffltumpsrdi.

150 4079 246 4135 laudis
261 4077 428 4134 ascribitur.
441 4075 511 4141 Quis
524 4076 602 4130 enim
619 4091 677 4130 non
694 4074 909 4146 loudedignum
926 4079 977 4135 du·
1028 4086 1106 4138 ctum
1123 4085 1198 4140 HS
1216 4101 1278 4140 esse
1293 4087 1328 4142 ab
1345 4103 1378 4143 eo
1394 4088 1457 4144 sine
1475 4105 1579 4162 magno
1602 4092 1639 4148 rei
1666 4096 1792 4166 pondere
1818 4101 1853 4154 aa

150 4171 199 4222 cat
213 4165 376 4236 sapientem
393 4164 561 4236 quempiam
577 4178 664 4235 opere
680 4163 800 4219 sibimet
815 4167 974 4238 proposito,
1027 4187 1154 4245 presens
1170 4177 1286 4247 tempus
1300 4177 1481 4248 pertinentia.
1498 4181 1572 4245 Quid
1589 4183 1666 4237 euim
1686 4201 1763 4242 urrnc
1782 4191 1851 4247 dum

151 4255 229 4327 quod
246 4254 321 4310 bona
337 4253 471 4310 voluntas
488 4254 579 4309 lacere
602 4253 743 4325 suggerit,
768 4254 811 4309 vel
836 4256 871 4310 ad
895 4257 974 4327 quod
1027 4259 1084 4316 ista
1099 4260 1170 4316 dicit
1183 4261 1353 4321 incarnatus
1371 4265 1471 4337 Filius,
1489 4268 1558 4324 iecit
1573 4269 1659 4328 Pater
1671 4274 1759 4342 ojus?
1775 4277 1854 4333 Furit

148 4343 294 4417 agendum
311 4343 421 4398 bouum
432 4341 564 4398 studium
576 4342 731 4413 protrahit,
744 4343 845 4400 sedere
857 4343 976 4410 sibimet
1027 4349 1379 4422 utiqueiustauraticnem
1391 4355 1609 4430 omniumque
1624 4361 1652 4416 iu
1664 4361 1744 4419 omlis
1755 4371 1852 4438 etqum

151 4433 224 4505 apud
242 4448 284 4499 sa,
300 4435 410 4487 etcum
425 4435 520 4486 mente
536 4448 589 4487 sua
605 4430 649 4486 vel
666 4431 776 4489 ratione
801 4436 974 4505 pertractare
1027 4437 1057 4492 iu
1072 4443 1147 4494 terra
1162 4444 1241 4495 sunt.
1259 4445 1313 4496 Per
1333 4459 1432 4514 quem,
1450 4445 1507 4501 uisi
1529 4463 1580 4518 per
1602 4449 1698 4521 ipsum
1723 4453 1854 4512 Filium?

147 4537 220 4592 opus
234 4520 312 4590 quod
328 4523 472 4590 preparet
486 4520 569 4590 sciat,
586 4525 618 4575 ut
633 4521 709 4593 quod
731 4519 789 4578 linc
809 4522 853 4578 vel
878 4523 972 4579 lruetu
990 4517 1013 4582 D
1028 4528 1116 4591 Quem
1131 4528 1284 4600 proposuit
1308 4531 1381 4603 ipse,
1405 4532 1481 4588 sieut
1504 4537 1656 4608 Apostolus
1677 4543 1735 4597 uit:
1753 4567 1766 4593 ι
1788 4545 1852 4615 ipse

143 4609 216 4664 illud
234 4607 430 4673 laciatiQuiu
455 4609 543 4665 etiam
568 4614 724 4682 postquam
750 4611 863 4684 aliquid
893 4613 969 4679 lecit,
1026 4617 1851 4706 dispensationem[dispositionem]plenitudinistompo-

69 4693 77 4706 '
143 4697 220 4770 quod
252 4700 429 4764 accuratum,
451 4696 496 4754 vel
529 4697 783 4770 irreprehensibile
812 4699 969 4773 essevelit,
1026 4721 1090 4760 rum
1107 4705 1268 4762 instaurare
1283 4707 1312 4762 in
1325 4708 1552 4769 cbristoornnia
1564 4717 1667 4786 quein
1680 4721 1850 4794 coelissunt,

142 4785 482 4842 rursussansuisuouou
493 4803 641 4857 nunquam
652 4787 968 4862 ingeritutadunguem
1024 4799 1052 4850 et
1067 4809 1128 4864 quae
1147 4793 1175 4848 in
1195 4800 1270 4850 terra
1285 4803 1355 4852 suut
1371 4799 1400 4852 iu
1417 4800 1481 4870 ipso
1497 4801 1603 4874 (aptes.
1620 4807 1650 4878 r).
1670 4830 1683 4856 a
1699 4811 1850 4875 Qiromodo

142 4875 286 4948 perficiat,
301 4875 328 4930 si
342 4874 414 4946 quid
426 4875 528 4932 abesse
542 4875 773 4946 deprehenderit.
787 4877 857 4942 Ouid
871 4883 967 4934 aulem
1024 4899 1090 4954 ergo
1107 4899 1162 4937 uon
1180 4885 1363 4942 demonstrat
1378 4887 1402 4941 ei
1421 4888 1474 4944 hoc
1491 4890 1599 4962 ipsum,
1617 4897 1692 4966 quod
1713 4916 1767 4954 00„
1782 4902 1850 4959 5„st

144 4969 188 5022 est
204 4963 296 5020 Filius
310 4963 414 5032 Patris,
431 4963 486 5019 nisi
502 4964 566 5035 ejus
582 4964 734 5036 sapientia,
752 4981 826 5037 qua,
843 4971 875 5022 ut
893 4985 967 5039 pre·
1024 4971 1078 5025 nisi
1096 4987 1147 5042 per
1161 4971 1282 5043 ipsum?
1299 4975 1443 5045 quomodo
1460 4993 1515 5033 uon
1537 4981 1718 5040 demonstret
1742 4990 1765 5042 ει
1793 5007 1848 5046 no.

144 5053 254 5110 dietum
271 5055 323 5121 est,
339 5051 456 5123 quando
471 5051 652 5123 preparabat
672 5052 758 5109 coelos
774 5054 883 5125 aderat,
900 5071 967 5109 cum
1023 5063 1112 5115 stram
1129 5060 1264 5128 salutem,
1291 5078 1341 5134 per
1363 5065 1447 5134 cujus
1473 5066 1670 5127 obedientiam
1698 5081 1849 5148 proposuit

141 5159 175 5198 eo
190 5156 369 5212 componens
390 5138 510 5195 omnia?
534 5144 610 5196 Beue
634 5153 704 5212 ergo
729 5145 757 5196 et
781 5140 968 5198 laudabiliter
1021 5147 1184 5204 laciendum
1197 5166 1260 5206 esse
1271 5151 1524 5210 saiulenr‘lNonue
1536 5159 1571 5214 de
1582 5159 1628 5215 bis
1639 5178 1703 5233 qum
1717 5165 1848 5222 laciensis

140 5229 211 5285 Filio
227 5229 311 5285 Pater
325 5229 504 5284 demonstrat
522 5227 621 5284 omnia
636 5245 700 5300 quae
716 5227 779 5301 ipss
796 5229 873 5298 lacit,
889 5231 966 5301 qatod
1021 5242 1103 5304 sunt,
1118 5239 1288 5295 mandatum
1305 5241 1374 5296 dare
1389 5241 1517 5314 idipsum
1529 5251 1583 5316 est,
1596 5263 1629 5304 ea
1640 5268 1702 5322 qun
1715 5254 1847 5311 facienda

140 5319 268 5390 prolecto
285 5315 603 5388 aliterinlelligendum
628 5333 684 5372 non
712 5321 757 5372 est
781 5334 868 5389 quum
894 5317 964 5374 illud
1021 5325 1739 5407 suutdemonstrareil‘lanenequegrsnrmatiros,
1753 5360 1845 5414 neque

141 5405 219 5475 quod
235 5402 307 5459 alibi
322 5403 352 5458 iu
368 5403 453 5459 laude
473 5404 537 5474 ejus
552 5404 706 5476 Scriptura
723 5405 812 5461 dicit:
833 5427 844 5454 ι
860 5405 965 5462 Omnia
1020 5419 1149 5471 oratores
1165 5415 1224 5471 sivo
1235 5416 1399 5473 dialecticos
1416 5420 1592 5478 arbitramur
1604 5443 1687 5496 posse
1699 5445 1764 5485 cum
1780 5449 1845 5487 orn-

142 5495 172 5547 in
188 5491 333 5562 sapientia
348 5491 440 5546 iecisti
460 5490 545 5563 (Psoi.
562 5493 633 5564 cnr).
652 5515 666 5542 ι»
687 5495 765 5550 lianc
782 5495 963 5550 demonstra·
1020 5505 1097 5560 tione
1113 5505 1262 5576 refragari,
1279 5507 1347 5577 qui„
1361 5505 1456 5564 omnis
1467 5516 1621 5585 pmcepsso
1634 5521 1843 5576 demonspmuo

144 5582 253 5636 tionem
270 5578 377 5648 digitus
395 5579 441 5634 liei
458 5581 694 5651 perscriptorem
710 5581 782 5655 lagia
802 5587 917 5656 Moysen
933 5583 962 5640 iu
1019 5594 1068 5650 sit,
1084 5593 1157 5649 Nam
1183 5599 1211 5650 et
1233 5597 1480 5653 demonstratores
1504 5603 1623 5672 artium,
1651 5613 1844 5686 preceptores
