3976 6064
127 253 205 313 tutti
460 251 662 315 COMMENT.
687 253 723 312 ΙΝ
748 250 1041 313 aPttDALYustM.
1066 283 1104 295 -
1127 251 1199 312 tttt.
1226 251 1290 313 vtt.
1314 253 1398 314 CAP.
1423 255 1491 315 ΧΙΙ.
1751 261 1830 320 tuae

120 390 207 442 draco
232 385 281 440 illc
309 393 446 457 quarratam
466 386 582 458 potuit,
612 402 668 442 oon
697 384 836 441 desistens
857 381 947 438 uttam
963 387 1161 454 Acogoosect
1175 402 1240 443 eum
1256 387 1379 458 empitius
1396 387 1474 444 loeus
1489 388 1585 458 ejus·
1610 390 1830 449 idemestaesi

121 478 205 532 illum
222 477 366 549 persequi,
385 486 414 532 ut
430 477 585 546 devorarer,
604 499 618 528 a
635 479 662 532 id
680 487 721 534 est
737 475 953 539 numentanam
1008 471 1135 530 diceret:
1152 475 1214 531 Noa
1237 478 1359 550 requiret
1373 491 1438 532 eum
1461 478 1584 548 amplius
1602 480 1684 549 Deus,
1702 481 1750 551 qui
1765 497 1828 537 orn·

123 565 646 638 eiusdeleret,dicensilludquodin
672 567 783 622 Psalmo
802 567 952 622 audimus:
1008 561 1089 618 nium
1116 562 1261 622 beatorum
1285 566 1364 622 locus
1379 573 1429 636 est,
1459 575 1537 623 extra
1566 582 1650 639 quem
1676 571 1831 628 nullusest

123 677 140 705 a
158 655 276 723 Quando
289 655 434 724 morietur,
457 663 483 711 et
500 654 601 726 peribit
619 671 724 712 nomen
744 655 805 725 ejus
819 652 951 724 ‘luiPrci
1009 648 1115 722 beatus,
1128 651 1156 708 io
1173 669 1228 723 quo
1255 654 1342 711 etiarn
1359 669 1436 710 nunc
1451 656 1518 711 dum
1532 655 1567 711 ab
1588 657 1649 727 ipso
1668 660 1833 730 peregrina-

124 747 186 813 ιι.)
202 745 267 800 llaec
295 744 417 801 dicendo
428 745 612 815 impatienter
639 745 734 800 alieeit
750 752 779 799 ut
801 743 951 814 crucilige·
1009 755 1134 812 mur,pes
1146 744 1259 812 anime,
1275 744 1301 799 id
1319 751 1360 800 est
1375 743 1538 800 Christiana
1549 746 1737 817 spes,ligitur.
1750 750 1830 807 lluuc

121 843 216 903 retor;
246 833 344 890 etboc
371 835 492 904 agendo,
522 833 649 890 devorari
683 832 778 898 iilum,
808 836 836 888 et
862 832 952 903 perire
1007 828 1100 884 locum
1118 837 1248 900 paratum
1276 832 1389 889 babeta
1407 835 1475 899 Deo,
1499 851 1516 889 c
1540 833 1621 892 nullo
1646 837 1829 909 coimparari

122 923 231 992 putarit
252 937 356 979 nornen
373 923 444 992 ejus.
465 923 517 978 Sed
540 922 602 978 ride
631 922 698 993 quid
721 923 848 994 sequitur
863 939 869 979 :
887 943 901 972 a
920 921 952 976 lit
1006 917 1090 974 nobis
1108 927 1197 988 potest
1216 921 1302 988 Dotis,
1327 921 1381 978 nisi
1395 923 1430 978 ab
1447 922 1507 993 59⁵⁰
1537 927 1603 992 Deo,
1619 931 1645 980 θῑ
1661 925 1715 982 hoe
1734 927 1762 982 in
1778 927 1828 983 illa

120 1019 219 1082 raptus
233 1021 275 1067 est
291 1011 366 1067 itlius
380 1013 488 1081 eiusad
507 1011 596 1067 Deum
614 1019 640 1066 et
658 1013 691 1066 nd
711 1012 844 1067 tbronum
857 1009 948 1081 ejus.»
1007 1006 1053 1062 tali
1074 1007 1238 1078 solitudine,
1260 1011 1309 1066 ubi
1338 1010 1572 1083 contemplationi
1597 1014 1724 1070 vacando
1740 1007 1829 1085 possit

124 1101 216 1164 Onam
242 1115 305 1156 rere
332 1101 386 1156 boe
409 1099 515 1157 iactum
543 1101 578 1156 sit
596 1100 660 1170 quis
677 1097 793 1156 nescit?
811 1099 951 1166 Quisnon
1007 1097 1083 1154 bunc
1105 1097 1200 1154 iocum
1225 1114 1309 1156 suurn
1326 1115 1507 1171 cognoscere,
1531 1117 1700 1174 semperque
1727 1119 1827 1160 casum

126 1188 951 1258 audiriticumenimdevoratusesseputeretur,utpote
1005 1201 1090 1242 suurn
1114 1201 1227 1258 cavere,
1264 1188 1437 1245 dicondc:«
1469 1189 1532 1248 Nou
1557 1189 1651 1248 teniat
1680 1191 1750 1248 mibi
1778 1209 1829 1263 pes

125 1279 248 1334 interra
267 1277 451 1349 reprimam
471 1277 949 1349 signatolapideinterraconciu·
1005 1275 1156 1346 superbire,
1185 1279 1214 1333 et
1241 1292 1342 1333 manus
1370 1279 1527 1348 peccatoris
1552 1295 1610 1335 non
1649 1288 1758 1338 moreat
1782 1297 1828 1339 rue

124 1369 289 1440 susffluttb.
319 1370 418 1440 usu),
448 1376 519 1425 tunc
542 1368 642 1426 solutis
662 1368 809 1426 doloribus
831 1367 948 1432 inferni,
1003 1363 1231 1436 insuaue.»
1263 1365 1486 1424 Pretereoetin
1506 1367 1560 1424 boc
1580 1376 1694 1438 paratus
1713 1370 1828 1427 catillis

122 1459 202 1530 juxta
219 1457 292 1529 quod
311 1456 487 1526 impossibile
512 1464 571 1514 erat
594 1458 684 1515 teneri
700 1457 782 1514 illurn
797 1457 888 1524 abeo,
905 1471 950 1513 re·
1005 1453 1083 1510 locus
1097 1454 1180 1510 aDeo
1195 1454 1225 1510 in
1236 1453 1477 1524 illasolitudine,«
1492 1463 1521 1511 nt
1537 1455 1576 1513 ibi
1588 1458 1823 1528 poseantiliam.»

122 1548 245 1604 surrexit
261 1553 289 1604 et
316 1546 467 1604 iocoelum
501 1548 684 1614 escendit,et
710 1548 788 1604 sedet
813 1547 949 1604 adertris
1003 1542 1282 1614 Henoeolmlegem
1298 1544 1827 1616 Dominusprescripsitsrliis,matris

121 1637 173 1694 Dei
198 1637 269 1708 (Act.
297 1635 339 1708 n),
367 1636 559 1706 triumphante
578 1636 695 1694 veritate
722 1637 875 1708 scripture
899 1634 947 1691 di·
1003 1631 1135 1690 licolesio
1151 1631 1426 1705 saliis,quincodum
1449 1642 1639 1706 pervenerunt
1657 1636 1691 1691 ad
1716 1636 1825 1707 apicem

122 1726 214 1784 centis
237 1727 268 1783 ia
291 1725 379 1783 David
392 1743 399 1782 :
414 1748 428 1778 ιι
442 1727 523 1796 Ιὓὶιιιι
551 1727 687 1783 Dominus
715 1727 837 1784 Domino
861 1741 924 1782 mec
940 1741 947 1782 ι
965 1751 987 1812 B
1003 1721 1183 1792 perfectionis
1197 1726 1344 1792 materna,
1359 1729 1388 1778 ut
1408 1723 1482 1778 nibil
1497 1723 1528 1779 ia
1543 1723 1597 1779 boe
1610 1725 1717 1781 mundo
1740 1726 1827 1781 uelint

120 1815 431 1873 sedeadertrlsmels
455 1816 547 1888 (Paci.
565 1816 632 1888 crs).
650 1817 786 1888 »Raptus
805 1815 947 1886 cstigitur
1003 1811 1157 1881 possidere,
1171 1817 1199 1870 et
1214 1812 1268 1869 boe
1291 1813 1349 1868 illis
1362 1813 1454 1884 jussit,
1485 1817 1515 1869 ut
1536 1814 1745 1885 pascautillam
1762 1831 1823 1872 rna-

121 1906 198 1962 filius
221 1905 359 1972 mulieris,
388 1905 522 1962 Ecclesiae
552 1905 637 1976 itlius,
667 1905 796 1962 mulieris
823 1903 947 1974 Virginis
1004 1901 1293 1980 tremsusru,·idest,
1319 1903 1560 1973 evangelizantem
1586 1903 1641 1960 sibi
1657 1903 1825 1962 charitatem

121 1995 216 2050 liaris
231 1996 264 2050 ad
291 1994 381 2051 Deum
405 2003 430 2052 et
453 1995 486 2050 ed
511 1995 647 2052 thronum
667 1995 741 2066 ojus,
768 2001 851 2065 atque
866 1993 947 2051 illinc

121 2083 287 2155 despiciens
313 2082 443 2139 universa
472 2082 563 2154 capita
587 2081 720 2140 draconis
749 2083 856 2153 irridet,
874 2083 948 2140 sicut

121 2173 222 2230 itidem
254 2173 284 2229 in
313 2171 428 2228 Psalmo
457 2172 579 2242 Spiritus
606 2179 721 2228 sanctus
750 2171 861 2228 loeutus
884 2179 945 2228 est:

125 2262 210 2329 «Qui
235 2261 344 2318 babitat
373 2262 402 2318 io
419 2261 501 2318 coelis
526 2259 655 2317 irridebit
669 2276 727 2324 eos,
757 2264 786 2316 et
807 2259 947 2316 Dominus

124 2348 311 2406 subsannabit
348 2363 406 2404 ees.
436 2349 517 2404 Tunc
546 2348 677 2419 loquetur
706 2349 739 2403 ad
769 2363 818 2404 eos
848 2348 877 2404 in
906 2349 947 2404 ira

122 2453 183 2504 sun,
198 2445 224 2495 et
247 2439 277 2494 in
300 2437 395 2494 lurore
425 2452 476 2492 suo
495 2436 675 2494 conturbabit
695 2453 761 2505 cos;
786 2453 837 2508 ego
852 2445 947 2494 autem

122 2528 293 2583 constitutus
307 2541 370 2582 suro
390 2541 437 2582 rex
449 2525 484 2582 ab
499 2541 532 2582 eo
546 2525 633 2597 (Psoi.
649 2527 708 2597 n),»
724 2535 777 2583 etc.
794 2527 945 2598 Sequitur:

159 2637 173 2666 a
185 2615 332 2672 litmulier
343 2614 412 2687 iugit
428 2615 460 2670 in
487 2613 671 2671 solitudinem
689 2615 736 2670 ubi
753 2616 837 2671 babet
853 2614 946 2671 locum

123 2711 285 2779 paraturos
314 2705 379 2772 Deo,
396 2711 427 2759 ut
457 2703 626 2775 ibipnseant
649 2703 731 2761 illam
756 2703 947 2761 diebusmille

123 2793 253 2851 ducentis
269 2793 425 2864 sexaginta.
439 2813 453 2844 ιι
469 2793 558 2864 Rapio
574 2792 632 2849 tilio
645 2793 742 2850 suoad
759 2796 858 2860 Deum,
875 2795 946 2850 etad

123 2884 256 2940 tbrooum
268 2883 359 2954 ejus«
373 2882 512 2940 mulierin
528 2883 711 2939 solitudinem
723 2883 803 2952 iugit,
818 2883 945 2954 oldest,

1003 1997 1171 2056 maternam,
1194 1991 1397 2062 perlectionem
1421 1993 1618 2064 apostolicam.
1632 1994 1708 2050 Dixit
1728 1997 1825 2055 enim:

1004 2079 1138 2149 «Dignus
1167 2079 1372 2150 estoperarios
1400 2080 1530 2138 cibosuo
1560 2081 1726 2154 (Maliba).
1745 2105 1759 2134 »
1790 2086 1825 2141 tat

1003 2169 1087 2225 alibi:
1102 2191 1115 2220 a
1132 2171 1164 2225 in
1178 2169 1275 2228 eedem
1286 2177 1380 2226 autern
1391 2171 1475 2228 domo
1486 2179 1599 2229 menete
1612 2175 1728 2230 edentes
1739 2182 1765 2231 et
1781 2175 1825 2231 bi-

1004 2257 1103 2315 bentes
1113 2257 1255 2330 quaeapud
1269 2258 1333 2314 illos
1343 2260 1533 2330 sunt:dignus
1543 2266 1585 2317 est
1596 2262 1825 2333 euimoperarius

1004 2347 1136 2404 mercede
1150 2361 1201 2402 sua
1216 2351 1294 2416 (Lac.
1323 2350 1364 2419 ιι).
1377 2367 1390 2400 s
1404 2347 1494 2419 Hujus
1505 2349 1650 2421 dignitatis
1666 2349 1726 2407 sire
1738 2351 1827 2409 debiti

1005 2452 1115 2494 memor
1128 2436 1321 2506 Apostolusad
1331 2436 1572 2496 Corinthiosdicit
1586 2455 1611 2494 :a
1627 2439 1826 2513 Nescitisquo-

1004 2527 1077 2582 niam
1092 2526 1139 2596 qui
1153 2526 1184 2582 in
1195 2526 1318 2584 sacrario
1333 2534 1561 2600 operantemque
1572 2529 1608 2586 de
1622 2529 1745 2587 sacrario
1762 2537 1828 2587 sunt

1004 2617 1091 2674 edunt
1100 2617 1152 2672 ilii
1162 2616 1211 2688 qui
1222 2616 1550 2685 altarideserriuot,eum
1562 2618 1644 2677 altari
1654 2621 1826 2690 participen-

1005 2704 1103 2761 turlta
1117 2709 1145 2760 et
1160 2705 1298 2763 Dominus
1310 2706 1454 2766 ordinavit
1464 2707 1502 2764 iis
1514 2708 1562 2777 qui
1573 2707 1757 2779 Evangelium
1773 2709 1823 2764 de-

1004 2792 1148 2860 nuntiant,
1164 2794 1200 2850 dc
1221 2793 1373 2863 Evangelio
1389 2795 1481 2852 virere
1504 2795 1531 2866 (1
1543 2796 1608 2853 Gor.
1625 2797 1675 2868 ιιι).
1693 2819 1706 2847 n
1732 2799 1823 2854 Item:

1005 2904 1020 2932 a
1035 2883 1062 2937 Si
1075 2897 1126 2938 nos
1141 2881 1220 2938 vobis
1234 2880 1391 2952 spiritualia
1403 2883 1619 2950 seminavimus,
1630 2901 1765 2954 magnum
1782 2891 1825 2940 est

124 2974 312 3042 sedeotcjam
345 2971 459 3028 Gbristc
482 2971 605 3028 Domino
619 2973 652 3027 ad
676 2971 821 3028 dexteram
848 2972 946 3039 Patris,
1005 2969 1028 3026 si
1044 2987 1097 3026 nos
1120 2969 1246 3026 carnalia
1261 2977 1353 3027 vestra
1377 2971 1541 3028 metamus?
1556 2995 1567 3025 s
1585 2972 1679 3044 (ibid.)
1701 2973 1824 3030 Pascunt

122 3072 149 3119 et
164 3064 230 3119 dato
240 3061 345 3133 Spiritu
362 3069 470 3128 sancto,
487 3060 612 3118 Ecclesia
626 3061 705 3118 illios
716 3060 851 3132 temporis
861 3061 946 3119 vitant
1003 3075 1069 3130 ergo
1081 3058 1159 3116 illem
1170 3081 1184 3110 ιι
1200 3058 1389 3115 diebusmille
1401 3060 1715 3132 ducentissexaginta‚c
1727 3062 1756 3118 id
1768 3070 1819 3128 est,

123 3151 280 3208 solitariam
308 3150 462 3222 elegit.Sic
484 3149 602 3207 enimin
627 3148 946 3221 tetibasapcstotcram
962 3110 984 3179 G
1003 3148 1129 3224 quandiu
1145 3149 1351 3220 peregrinando
1373 3147 1403 3203 in
1426 3149 1478 3206 boc
1494 3150 1598 3206 saeculo
1613 3151 1824 3222 persecutiones

123 3240 261 3312 legimus:
281 3261 295 3290 a
308 3238 502 3296 Multitudinis
528 3239 703 3296 credentium
719 3244 781 3294 erat
796 3253 844 3296 oor
859 3253 948 3294 unum
1004 3238 1113 3296 tolerat.
1128 3237 1199 3298 Nam
1226 3237 1291 3310 quie
1312 3242 1525 3310 tantotempore
1550 3239 1684 3312 agitanda
1706 3247 1821 3312 estper·

124 3333 153 3385 et
175 3329 272 3384 anima
292 3345 358 3384 une.
383 3329 442 3385 Neo
470 3329 617 3400 qnisquam
646 3327 755 3400 aliquid
785 3343 867 3385 suum
885 3344 948 3384 esse
1001 3328 1111 3385 secutio
1126 3342 1247 3394 summe,
1260 3327 1383 3384 dracone
1398 3327 1452 3383 ista
1466 3328 1497 3385 io
1511 3328 1562 3386 illo
1573 3327 1741 3399 perditionis
1752 3328 1822 3398 lilio,

122 3419 247 3488 dicebat,
263 3421 310 3476 sed
350 3427 431 3476 crant
458 3419 516 3476 illis
539 3418 636 3476 cronia
670 3419 842 3476 communie.
871 3419 946 3476 Divi·
1001 3415 1318 3482 seilicctbntiebristm
1358 3423 1429 3472 totas
1457 3415 1621 3474 etlundeote
1645 3417 1822 3485 inimicitias,

123 3509 264 3566 dabantur
287 3516 381 3564 aetem
410 3507 533 3578 singulis
562 3515 644 3578 prout
670 3507 773 3580 coique
799 3523 870 3579 opus
888 3512 948 3564 erat
1001 3513 1130 3564 rectetot
1156 3506 1256 3562 diebus
1281 3505 1413 3564 universa
1442 3506 1671 3578 persecutionum
1695 3509 1823 3564 omnium

124 3598 195 3671 (Act.
212 3599 260 3670 ιι).
290 3619 305 3648 a
333 3597 474 3655 Nimirum
491 3597 545 3652 boc
573 3604 642 3665 erat,
672 3597 818 3654 mulierem
845 3597 948 3668 fugisse
1002 3603 1129 3667 ternpore
1153 3595 1406 3667 subintelligimus,
1420 3596 1455 3652 de
1479 3597 1821 3669 querideIicettempere

126 3691 366 3758 ineptitudinem,
400 3689 467 3761 quia
488 3688 618 3745 videlicet
647 3688 721 3746 nibil
745 3689 889 3762 possidere
905 3691 946 3747 vet
1000 3682 1822 3756 sivedicrumnumercjamlocoaliopleniustrnctatam

126 3779 327 3849 concupiscere
343 3777 372 3834 in
389 3777 443 3834 boc
457 3777 574 3843 mundo,
587 3777 642 3833 lida
653 3786 679 3834 et
695 3778 850 3850 tranquilla
866 3793 946 3836 men·
1002 3781 1054 3830 est.
1072 3773 1226 3845 Sequitur:

124 3867 312 3928 tissolitudc
333 3872 375 3924 est
389 3874 516 3933 :contra,
540 3866 683 3938 possidere
710 3867 756 3924 uel
786 3881 888 3937 cupere
903 3868 946 3923 rel
1037 3861 1096 3916 «ΕΙ
1116 3862 1220 3917 siclum
1248 3864 1291 3916 ⁰⁸2
1306 3860 1434 3931 illidium
1461 3877 1595 3932 ”tignum
1619 3863 1647 3917 ¹¹¹
1669 3862 1752 3931 ⁰oe¹⁰2
1768 3863 1823 3918 Μῖ-

124 3957 243 4024 ambire,
259 3972 316 4012 non
332 3955 467 4025 solitudo,
492 3957 654 4027 sedmagoa
671 3955 833 4013 sollicitudo
857 3956 946 4012 etin·
1001 3949 1124 4007 ebnelet
1152 3948 1247 4021 angeli
1275 3949 1337 4019 ejus
1364 3947 1565 4019 preliabantur
1594 3965 1659 4006 cunt
1688 3952 1820 4008 dracone.

122 4047 258 4116 quietudo
273 4049 327 4101 est.
342 4046 438 4115 ltaque
454 4063 469 4095 a
485 4046 515 4101 in
530 4043 714 4102 solitudinem
730 4045 946 4117 muliariugit‚»
1001 4039 1034 4096 lit
1046 4039 1131 4096 draco
1148 4038 1289 4109 pugnabat
1303 4044 1329 4094 et
1344 4037 1438 4108 angeli
1453 4038 1524 4108 ejus,
1545 4046 1571 4094 et
1590 4055 1645 4095 non
1661 4039 1822 4110 valuerunt,

125 4134 238 4206 quando
261 4131 390 4190 Ecclesia
420 4131 459 4188 nil
477 4133 506 4189 in
531 4133 706 4190 boemundo
728 4133 872 4204 possidere
884 4149 947 4205 pro·
1002 4127 1184 4198 aecueloeus
1202 4127 1333 4183 inventus
1349 4134 1390 4182 est
1412 4142 1510 4184 eorum
1525 4127 1648 4198 amplius
1662 4128 1690 4184 in
1707 4128 1789 4186 coele.
1808 4151 1822 4178 »

123 4225 227 4296 posuit,
258 4239 414 4296 provocans
442 4223 515 4280 lilios
544 4239 610 4280 suos
638 4225 671 4279 ad
705 4223 875 4280 imitandum
905 4241 944 4281 se.
1001 4217 1178 4288 llagnumet
1209 4215 1338 4273 mirabile
1361 4217 1390 4272 in
1407 4224 1559 4288 conspectu
1584 4217 1822 4275 aninraeloanais

123 4313 444 4385 Drempligratia‚eum
466 4312 497 4367 in
522 4312 657 4384 Apostolo
679 4311 764 4370 dicit:
782 4336 797 4364 a
819 4313 946 4370 Praeterit
1001 4305 1101 4362 talium
1130 4305 1287 4376 imaginum
1318 4305 1523 4375 spectaculum,
1554 4306 1692 4365 mirabilis
1720 4324 1822 4366 sensus

123 4404 200 4458 enirn
217 4402 305 4472 ligure
321 4401 405 4472 bajus
416 4400 526 4457 mundi.
551 4398 623 4457 Volo
636 4407 729 4457 tamen
745 4417 793 4458 ros
808 4401 870 4458 sine
884 4402 945 4458 sol·
1004 4397 1062 4452 sire
1086 4395 1188 4451 anima
1216 4399 1277 4463 eius
1304 4393 1427 4461 babitus,
1440 4411 1522 4467 quern
1548 4397 1698 4467 concipere
1714 4402 1823 4468 poterut

124 4491 272 4548 licitudiue
285 4505 357 4546 esse.
374 4489 426 4555 Qui
439 4488 503 4545 sine
519 4489 868 4559 uxoreest,sollicitusest
883 4507 944 4561 que
960 4481 982 4545 D
999 4487 1154 4559 spectando
1179 4485 1244 4541 talia
1259 4485 1301 4542 rel
1319 4493 1406 4557 tanta,
1432 4493 1546 4558 tamque
1572 4487 1727 4546 honorifica
1742 4489 1823 4560 sigua

123 4589 190 4637 sunt
205 4579 476 4650 Domtuapuomoto
487 4579 597 4652 placeat
610 4583 666 4636 Deo
683 4579 947 4654 (lCor‚v11).»lnter
1002 4575 1174 4633 mirabilium
1191 4583 1374 4633 secretorum.
1399 4575 1450 4633 liis
1466 4591 1607 4632 sumrnam
1629 4579 1824 4636 admirationis

124 4669 184 4725 bac
200 4677 226 4726 et
243 4667 405 4740 hujusmodi
424 4667 491 4724 dicit
503 4683 536 4724 :a
553 4669 657 4726 Vellem
669 4677 764 4725 autem
781 4684 881 4726 amnes
893 4671 945 4726 bo·
1001 4665 1144 4722 somniare
1169 4666 1213 4724 uel
1241 4663 1404 4720 meditando
1430 4665 1644 4736 nobismetipsis
1668 4667 1824 4738 imaginare

122 4759 281 4815 minesesse
296 4757 522 4828 sicutmeipsum
534 4758 655 4830 (ididia
667 4759 946 4828 inbuiusmodisoli-
1001 4769 1162 4825 possumus,
1188 4751 1318 4808 videlicet
1347 4751 1511 4808 admirabili
1535 4768 1600 4808 eum
1617 4754 1733 4810 horrore
1752 4755 1823 4810 iilud

121 4847 221 4904 tudine
239 4869 253 4897 (ι
271 4847 366 4916 babet,
380 4867 394 4896 a
410 4845 512 4916 inquit,
530 4867 545 4896 «
560 4845 763 4904 mulierlocum
782 4854 946 4918 paretuma
1002 4840 1183 4914 persensisse.
1200 4841 1289 4906 Quem
1318 4841 1423 4897 inritus
1452 4841 1537 4898 draeo
1563 4843 1612 4898 ille
1638 4842 1768 4898 diabolus
1790 4845 1825 4899 de

122 4941 191 4992 Deo.
213 4957 228 4987 a
240 4935 308 5000 Quis
319 4945 362 4992 est
378 4935 457 4991 loeus
469 4933 596 4991 mulieris
608 4935 636 4990 ln
649 4936 700 4992 bac
712 4935 879 5006 solitudine,
892 4937 946 5008 nisi
1001 4931 1114 5003 templis
1122 4939 1149 4987 et
1167 4932 1224 4987 aris
1253 4931 1294 4987 rel
1319 4931 1482 4986 simulacris
1506 4931 1632 5000 gentium
1645 4930 1803 5001 ‘pelleretur
1816 4951 1823 4989 :

121 5029 196 5079 Deus
211 5023 293 5094 ipse‘i
310 5022 438 5092 Denique
449 5030 476 5078 et
487 5022 635 5078 Psalmista
650 5038 735 5079 orans
749 5025 818 5080 dicit
829 5041 836 5081 ε
849 5048 862 5074 a
882 5025 946 5080 tlsto
1001 5023 1073 5092 rpuod
1087 5021 1146 5076 lieri
1172 5027 1293 5089 coeptum
1323 5022 1377 5090 est,
1390 5017 1438 5074 ubi
1454 5024 1552 5091 raptus
1576 5028 1615 5075 est
1628 5020 1702 5076 lilius
1724 5020 1772 5076 ille
1787 5022 1822 5076 ed

121 5111 192 5168 mibi
208 5113 235 5167 id
250 5111 340 5168 Deum
353 5113 582 5182 protectorem‚et
598 5111 626 5166 in
642 5111 844 5185 locumreiugii
855 5112 944 5186 (Prot.
1000 5115 1090 5166 Deum
1106 5115 1134 5165 et
1149 5108 1283 5165 tbronurn
1299 5108 1368 5178 eius.
1388 5107 1460 5164 oivtt
1471 5109 1547 5164 enim
1560 5125 1821 5166 moxascensurus:

117 5201 195 5268 xrs).
212 5219 226 5248 a
242 5199 278 5253 nt
292 5197 322 5254 in
346 5196 399 5254 iob
424 5197 459 5252 de
474 5203 621 5264 peccatore
646 5208 783 5268 pereunte
808 5200 945 5272 scripturn
1002 5222 1016 5250 a
1034 5199 1179 5256 Euotesin
1196 5198 1333 5254 muudum
1347 5197 1510 5253 universum
1527 5199 1676 5268 predicate
1695 5183 1824 5271 Evange-

121 5295 183 5343 est:
201 5309 214 5338 a
230 5287 308 5344 Sicut
321 5285 501 5343 consumitur
515 5283 607 5341 nubes
623 5293 650 5342 et
669 5288 831 5358 pertransit,
845 5289 886 5345 sic
899 5289 946 5358 qui
1001 5288 1070 5344 lium
1086 5287 1165 5344 omni
1190 5293 1334 5344 creatora.
1360 5287 1413 5350 Qui
1438 5287 1588 5342 crediderit
1613 5293 1639 5344 et
1664 5286 1821 5357 baptizatus

119 5376 267 5432 descendit
281 5377 315 5431 ad
333 5375 450 5444 inieras,
467 5391 524 5432 non
552 5377 697 5443 ascendet,
714 5393 768 5436 neo
793 5386 947 5436 revertetur
1002 5377 1097 5442 luerit,
1112 5378 1208 5431 saluus
1224 5375 1276 5432 erit
1287 5376 1380 5446 (itare
1398 5392 1463 5444 xvr;
1480 5376 1574 5432 licitis.
1591 5391 1650 5444 ιιιι;
1669 5381 1734 5432 true.
1750 5377 1819 5448 art»

118 5466 193 5520 ultra
210 5465 239 5519 in
266 5467 383 5520 domum
400 5478 490 5529 suam,
516 5479 608 5534 neque
623 5474 776 5536 cognoscet
801 5483 865 5524 euru
883 5482 943 5523 am·
1001 5467 1078 5530 Quod
1096 5466 1172 5522 idem
1184 5465 1322 5521 eratacsi
1345 5465 1451 5522 ciceret
1471 5469 1599 5520 :tiuotes
1623 5466 1724 5522 loriam
1740 5465 1823 5522 illurn

121 5553 197 5624 ptius
213 5553 294 5609 lacus
309 5553 369 5621 ejus
384 5551 452 5622 (iob.
471 5551 529 5622 ιιι).
543 5574 557 5602 a
569 5552 641 5610 Num
659 5555 732 5623 quod
748 5555 798 5622 ait,
818 5579 828 5604 ι
853 5571 946 5629 neque
1001 5559 1170 5612 armaturae
1188 5568 1232 5609 ore
1252 5555 1311 5622 iam
1328 5553 1432 5611 rictum
1450 5554 1484 5609 de
1502 5551 1574 5612 atrio
1592 5569 1642 5612 suo
1657 5556 1821 5627 propellite,
