3980 6046
176 343 235 404 ote
519 331 524 344 ’
672 393 682 408 .
740 345 915 409 eorunm
937 337 1105 404 luceres
1126 337 1357 403 'l‘UlTlENSlS
1824 347 1876 408 eto

172 475 222 530 hut
236 492 271 530 ex
286 473 336 532 Dei
354 491 492 546 persons:
510 497 524 525 o
539 473 632 532 Semel
647 477 740 550 jurari
758 477 787 534 in
805 481 903 534 sancto
922 493 996 546 meo,
1013 471 1038 543 Α
1055 476 1117 530 reul
1134 469 1187 542 illl,
1205 491 1218 522 u
1235 467 1356 544 sanguis
1372 471 1437 543 ejus
1452 488 1541 546 super
1556 487 1609 530 uos
1637 480 1667 532 et
1690 493 1780 548 super
1807 477 1874 535 lilios

175 561 200 617 ei
215 561 302 618 David
320 563 452 630 mentiar,
469 580 568 620 sumen
585 565 648 634 eJus
661 563 689 620 io
702 572 844 622 eternum
855 565 997 630 nraoebtt,
1053 567 1168 618 nostroe
1183 561 1288 634 (ldottlr.
1303 561 1402 634 xxvu).
1419 583 1488 613 »-«
1501 561 1534 618 llt
1548 561 1639 620 stellae
1663 561 1738 636 omli,
1768 565 1797 622 in
1808 568 1876 640 quit,

172 655 201 706 rt
217 651 338 706 thronus
353 652 417 722 eJus
433 651 509 708 sicut
523 653 566 708 sol
579 653 607 709 io
619 660 777 726 conspeetu
792 672 866 726 meo,
880 659 907 709 et
921 652 999 708 sicut
1052 652 1219 709 ceciderunt
1234 655 1456 724 superterram.
1473 673 1487 700 u
1499 647 1596 708 Stellis
1610 668 1726 726 quoque
1737 669 1795 712 suu
1805 659 1874 712 estl-

171 740 240 794 luuu
258 740 384 812 perlecta
400 741 427 796 lu
444 745 596 814 eternum,
612 747 641 799 et
656 745 737 800 testis
753 744 782 799 iu
801 741 871 800 celo
900 741 994 798 tidelis
1051 740 1179 796 motione
1192 739 1286 795 ludaei
1303 737 1457 812 populures
1472 739 1686 812 comparabiles
1701 748 1795 812 orent,
1810 761 1873 818 pre·

172 829 257 900 (Psoi.
275 831 417 900 uxerem).
435 851 449 880 n
466 827 565 887 Atille
582 849 638 888 non
660 833 695 888 dc
720 831 789 888 sede
818 831 995 902 urnnulocte,
1051 828 1151 885 sertim
1169 827 1381 884 eumaudirent
1402 826 1547 886 dicentem
1569 833 1729 904 moyseum
1742 829 1873 905 Dixitque

171 933 228 972 nou
245 918 280 973 do
296 917 421 990 lapideo,
434 925 495 985 eut,
511 924 542 974 ut
558 919 683 976 multum
696 939 783 976 nureo
796 919 912 986 throno,
922 935 995 992 qne·
1050 917 1132 974 vohis
1149 917 1198 974 illo
1210 923 1351 988 tempore,
1364 934 1420 972 oon
1432 934 1552 990 possum
1566 917 1645 976 solus
1656 919 1805 978 sustinere
1816 939 1872 992 voe,

171 1006 229 1063 lem
247 1008 302 1063 sihi
319 1025 367 1064 rcx
383 1015 546 1081 praepoteus
562 1012 653 1066 lacere
669 1010 995 1084 poterathocdieehst,
1052 1006 1121 1078 quis
1142 1005 1283 1062 Dominus
1306 1004 1386 1062 Beue
1411 1010 1511 1062 nostor
1537 992 1740 1078 multiplicavit
1768 1027 1829 1076 vos,
1851 1021 1876 1066 et
1942 1077 1943 1082 ἵ

174 1098 251 1168 quod
266 1101 403 1170 tunquam
417 1097 459 1154 sol
473 1097 500 1154 io
512 1105 668 1172 conspectu
682 1100 729 1156 llei
740 1116 857 1156 munere
868 1099 997 1166 deberet,
1052 1093 1124 1150 estis
1137 1093 1222 1149 hodie
1238 1093 1314 1148 sicut
1324 1091 1415 1148 stelle
1429 1091 1492 1150 coell
1508 1089 1637 1168 plurimi.
1649 1093 1793 1154 Dominus
1803 1097 1874 1154 Deus
1941 1091 1944 1186 l

176 1185 401 1242 uutsicutluuu
417 1187 550 1257 perlecto,
567 1190 616 1244 sod
633 1187 851 1246 dehemiuihus
877 1188 999 1254 sanctis,
1055 1187 1170 1254 petrum
1187 1185 1350 1238 vestrorum
1366 1179 1456 1238 sddut
1474 1181 1508 1238 ed
1527 1181 1606 1238 hunc
1622 1185 1878 1242 nuorerummulte
1944 1194 1945 1256 l

175 1276 223 1345 qui
242 1291 340 1330 rovere
355 1275 438 1331 sedes
453 1276 562 1332 Christi
576 1283 656 1347 sunt,
672 1286 700 1334 et
714 1277 827 1344 civiles,
844 1275 891 1349 qui
909 1275 936 1332 in
956 1277 1001 1332 lu·
1057 1269 1149 1326 millio
1165 1271 1251 1340 (Doul-
1270 1271 1301 1338 r).
1320 1291 1334 1320 ι»
1352 1269 1389 1326 Ex
1406 1269 1459 1328 hoo
1473 1287 1591 1344 quoque
1605 1271 1719 1342 Moyses
1741 1293 1800 1331 non
1826 1273 1876 1329 hu-

175 1367 240 1420 turo
257 1369 398 1436 quonium
417 1365 451 1422 od
468 1367 596 1422 enirucm
613 1370 699 1422 erunt
714 1364 787 1423 sicut
802 1367 856 1436 eol,
872 1373 1002 1440 etqucn·
1055 1376 1142 1416 mono
1165 1357 1293 1428 looiioio,
1319 1359 1367 1414 sed
1397 1376 1449 1431 pro
1475 1359 1574 1416 divine
1596 1361 1671 1417 dixit
1695 1363 1877 1432 auctoritato,

177 1457 239 1510 lum
256 1454 289 1508 ud
308 1471 413 1525 corpus
425 1453 502 1510 sicut
516 1455 585 1511 lune
597 1457 734 1527 perlecto,
746 1472 809 1528 qus
821 1455 1001 1528 utiquetuuc
1054 1451 1161 1524 quippo
1177 1447 1226 1520 qui
1244 1447 1401 1504 Dominum
1419 1453 1538 1505 noverat
1553 1459 1581 1506 ot
1597 1449 1756 1524 scripserat
1772 1451 1876 1510 dixisse

177 1542 244 1615 plus
258 1543 365 1598 emittit
381 1541 501 1598 luminis
517 1543 636 1616 quoodo
653 1545 780 1616 perlecto
795 1552 837 1601 est
853 1547 881 1600 et
901 1544 997 1617 plens.
1055 1539 1091 1595 ed
1107 1535 1274 1596 Abrehem:
1292 1561 1306 1589 «
1323 1539 1445 1610 Suspice
1457 1536 1599 1596 cmlomct
1611 1559 1732 1598 numeru
1744 1542 1879 1600 stellessi
1948 1596 1949 1610 ,

177 1633 251 1696 Erco
267 1649 365 1688 verum
382 1631 500 1703 quidem
517 1631 668 1703 Scriptura
683 1633 807 1700 dicebat,
824 1631 901 1706 quod
917 1633 1002 1691 sedes
1057 1638 1147 1702 potes.
1177 1651 1192 1678 ι)
1221 1627 1256 1684 ut
1279 1645 1416 1684 rursum:
1446 1650 1457 1680 ι
1485 1629 1540 1696 Sic,
1570 1629 1679 1704 inquit,
1704 1631 1760 1688 erit
1784 1651 1877 1688 semen

180 1721 280 1787 huvid,
296 1721 324 1778 id
342 1727 397 1790 est,
411 1739 497 1778 manu
510 1723 718 1789 lortischristi,
729 1725 770 1780 sio
781 1723 853 1780 loret
863 1723 937 1780 sicut
947 1723 1002 1795 sol,
1056 1723 1139 1774 tuom
1157 1715 1233 1788 (Gerr.
1250 1719 1306 1788 xv).
1318 1739 1332 1766 u
1346 1719 1378 1771 et
1390 1715 1508 1790 quidem
1519 1721 1680 1776 secundum
1694 1721 1768 1778 heco
1786 1727 1880 1778 sueto·
1949 1701 1950 1716 ³

177 1815 206 1866 et
221 1811 296 1866 sieut
316 1811 384 1868 loun
401 1811 535 1884 perlecto.
555 1813 610 1868 Sed
628 1813 676 1870 illu
690 1814 801 1884 civiles,
818 1813 866 1870 ille
888 1815 1002 1870 Setnnrs
1017 1844 1040 1908 B
1057 1805 1168 1864 ritutem
1179 1823 1278 1862 semen
1291 1803 1413 1862 Abrehae
1425 1805 1518 1863 stellis
1530 1807 1801 1882 coelicomperebile
1814 1817 1878 1878 troi.

178 1917 326 1972 epnngogn
343 1899 497 1956 tollebatur
519 1901 744 1974 presumptione
768 1920 833 1970 sue,
860 1907 1001 1976 reputans
1057 1901 1256 1952 verumtamen
1274 1911 1331 1950 non
1357 1894 1476 1952 omnino
1499 1895 1543 1953 rel
1569 1901 1730 1968 utcunque,
1754 1900 1806 1956 sed
1832 1918 1879 1972 pro

179 1991 255 2062 quod
270 1993 348 2045 essct
363 1987 404 2046 sol
418 1989 531 2058 mundi,
548 1996 577 2046 ct
592 1991 670 2048 orbis
688 1996 831 2049 terrerum
853 1991 924 2050 lune
951 2009 1001 2064 pro
1058 1989 1139 2056 porto
1153 1984 1324 2051 electorum.
1341 1981 1368 2038 id
1385 1987 1439 2054 eoi,
1451 1999 1551 2040 eorum
1565 1987 1681 2057 quinon
1695 1991 1809 2044 tentum
1822 2007 1877 2044 cor·
1952 2001 1953 2010 ¹

178 2079 294 2150 porteris
310 2077 439 2136 Devidici
456 2083 484 2134 et
502 2079 603 2152 templi
618 2081 822 2154 augustissimi
835 2081 1002 2138 Solomonis
1059 2075 1115 2139 nis,
1131 2073 1181 2130 sed
1198 2071 1402 2146 promissionis
1418 2078 1488 2128 suut
1500 2073 1562 2131 lilii.
1573 2073 1685 2132 Etenim
1699 2094 1756 2133 non
1768 2081 1818 2148 qui
1830 2077 1879 2134 lilii

177 2167 263 2240 louge
281 2166 446 2239 pervulgato
462 2167 563 2240 glorie.
581 2191 596 2219 ι(
613 2169 692 2226 Telis
707 2169 749 2225 sol
765 2174 834 2227 tunc
849 2172 943 2226 lectus
960 2177 1003 2225 eet
1058 2163 1167 2232 cernis,
1184 2163 1280 2234 inquit
1293 2161 1461 2236 Apostolus,
1478 2161 1508 2218 hi
1526 2163 1577 2219 otii
1599 2165 1658 2233 ltsi,
1682 2167 1731 2222 sed
1756 2167 1804 2240 qui
1830 2165 1879 2222 hlii

178 2257 259 2330 niger
275 2262 413 2328 tauqueur
431 2273 534 2313 saccus
550 2257 694 2328 cilicinus,
710 2263 738 2314 et
758 2258 825 2314 telle
850 2257 917 2314 lune
943 2263 1003 2314 tote
1059 2255 1128 2310 suut
1144 2249 1359 2324 promissionis,
1373 2252 1594 2310 estimenturin
1609 2253 1819 2330 semioelliom.
1832 2257 1878 2322 txl·

177 2347 254 2403 lectu
269 2351 314 2400 cst
330 2345 405 2402 sicut
421 2345 553 2418 sanguis,
570 2368 584 2396 >r
600 2346 715 2416 «ruendo
732 2345 855 2404 civitatis
868 2343 947 2404 illius
959 2345 1002 2402 in·
1059 2346 1096 2396 et
1115 2339 1227 2398 illinon
1249 2339 1463 2410 promissionis,
1493 2341 1544 2398 sed
1571 2347 1684 2400 tentum
1709 2345 1806 2402 curnis
1832 2343 1881 2400 lilii

181 2433 342 2490 tolerabilis
378 2434 523 2506 superbio,
558 2435 690 2508 dureque
719 2434 837 2492 retrellio
871 2435 1002 2508 gentium
1058 2435 1151 2486 oront.
1167 2429 1247 2496 Quod
1272 2427 1359 2485 ollem
1387 2429 1604 2503 improperabat
1627 2431 1686 2490 illie
1713 2435 1880 2506 prophetico

181 2527 352 2579 cunctarum
383 2523 506 2578 victores
531 2523 678 2582 Rurnuuos
707 2526 845 2580 adversus
875 2525 1002 2598 seipsam
1058 2517 1177 2586 veriles,
1195 2517 1335 2574 dicendo:
1354 2543 1367 2570 u
1386 2519 1878 2596 Qulexietisdeuquisdtlde(Itu.

182 2611 347 2666 concitur-lt.
365 2611 676 2684 Legurnusloscphuru
689 2611 886 2670 miserabilem
900 2611 1003 2670 excidii
1060 2609 1168 2676 xuvtrr).
1185 2628 1199 2656 o
1215 2605 1386 2662 Ceciderunt
1399 2623 1467 2681 ergo
1483 2608 1533 2680 qui
1549 2607 1722 2666 uidebuntur
1735 2611 1791 2667 sihi
1816 2629 1879 2666 osse

180 2699 260 2756 illios
277 2699 447 2771 trogoedieot
463 2701 645 2770 referentem,
659 2718 720 2772 que
734 2719 784 2776 pro
795 2719 848 2760 suo
862 2704 1005 2774 magunu-
1060 2694 1149 2752 etellm
1165 2693 1228 2750 coeli
1241 2711 1248 2762 ;
1265 2693 1440 2764 ceciderunt,
1454 2691 1587 2768 iuquam,
1597 2714 1653 2753 oon
1666 2701 1699 2754 ut
1709 2715 1781 2756 vere
1792 2699 1879 2756 stello

185 2787 546 2862 dinolegcntihusscmprr
557 2807 629 2846 noro
640 2795 693 2847 cst.
706 2789 766 2855 Quo
778 2792 849 2847 obiit
860 2791 909 2849 ille
919 2791 1004 2866 quosl
1060 2781 1134 2852 coelt's
1155 2783 1206 2840 Sed
1221 2783 1297 2840 Βῑθῑῑὶ
1312 2785 1408 2856 llfflssssi
1420 2785 1570 2842 immoturi
1582 2787 1693 2843 fructus
1706 2783 1763 2852 ilci,
1776 2803 1879 2860 magno

184 2875 287 2932 soleris
304 2875 501 2948 pulchritudo.
527 2877 614 2950 Niger
640 2879 731 2935 luctus
759 2887 804 2938 est
829 2878 878 2937 ille
899 2882 952 2948 eol,
977 2885 1005 2938 et
1059 2877 1144 2929 vento
1160 2879 1291 2929 movente
1306 2871 1417 2946 egiteti,
1430 2871 1522 2945 idest,
1533 2875 1637 2946 spiritu
1648 2875 1877 2934 diebolieomul·

182 2981 330 3040 purpurea
345 2965 510 3038 splendoris
525 2969 589 3040 ejus
605 2968 740 3040 superbia
756 2969 929 3027 perneget„
942 2969 1004 3027 0111.
1060 2969 1121 3018 tum
1138 2960 1285 3034 exagitati.
1302 2959 1436 3034 congrue
1451 2979 1520 3018 sune
1535 2963 1699 3021 similitudo
1718 2965 1754 3020 eh
1779 2967 1878 3022 urhorc

182 3055 271 3112 eiuro.
291 3055 360 3122 lmo,
376 3059 408 3110 ut
422 3057 564 3114 Jcremies
575 3075 690 3132 quoque
702 3059 881 3132 predixerat,
894 3083 908 3110 «
921 3059 1003 3115 deni.
1060 3049 1260 3124 licietgrossis
1271 3049 1548 3124 ejusceducis‚quie
1558 3051 1688 3109 videlicet
1699 3053 1739 3110 illi
1752 3072 1882 3128 quoquc,

181 3149 262 3215 grute
278 3147 322 3200 est
337 3163 426 3218 super
441 3147 581 3204 ourhonce
598 3149 685 3203 lucios
700 3165 812 3214 eorum,
824 3153 853 3204 et
865 3165 920 3204 non
933 3152 1005 3206 suot
1061 3137 1110 3211 qui
1126 3141 1195 3194 lunc
1211 3136 1350 3212 iomlwtis
1366 3137 1394 3194 ln
1408 3139 1556 3196 Christum
1573 3141 1757 3199 crediderent
1771 3159 1804 3200 ox
1825 3143 1879 3202 Jo-

181 3233 288 3304 cogniti
300 3233 328 3288 in
341 3232 781 3305 pluteis,edhccsitcotiseerum
792 3235 1007 3304 ossibus,eruit
1062 3227 1142 3292 daeis,
1159 3229 1188 3284 ⁰i
1202 3229 1285 3283 orent
1305 3225 1388 3302 qulfli
1412 3227 1500 3302 Primi
1516 3229 1628 3286 st¹1⁰2¹¹⁵
1643 3231 1738 3288 emitis
1763 3231 1881 3302 (Ἇὶΐῑθῑῑι

182 3327 210 3376 et
226 3323 300 3377 luctu
315 3326 359 3378 est
371 3321 454 3392 quusi
469 3323 579 3394 liguum
597 3323 705 3395 (Three.
724 3328 771 3398 rr).
789 3348 802 3375 ι»
818 3325 853 3382 ul
873 3327 938 3397 erit,
958 3327 1004 3383 in.
1059 3315 1231 3371 exciderunt
1249 3331 1354 3388 magno
1379 3319 1464 3373 vente
1490 3321 1633 3388 mouente,
1659 3327 1745 3375 vento
1771 3320 1881 3378 invidie

182 3409 245 3480 quit
261 3411 360 3482 lenius,
377 3427 428 3481 pro
444 3411 523 3467 suavi
553 3413 650 3481 odore,
678 3411 770 3475 sewu
794 3419 822 3469 et
846 3431 897 3485 pro
919 3431 1003 3485 ma,
1062 3401 1173 3460 scilicet
1189 3403 1321 3459 odientes
1336 3403 1467 3476 gentium
1484 3403 1620 3474 sulutem,
1635 3409 1664 3463 el
1679 3411 1780 3464 contre
1797 3409 1880 3466 fidem

184 3499 332 3554 funiculus
346 3517 353 3564 ;
370 3507 397 3553 et
413 3515 463 3570 pro
475 3500 621 3570 crispante
633 3500 723 3566 crine,
734 3501 882 3558 culultium
895 3522 902 3573 3
913 3508 940 3558 et
953 3521 1004 3576 pro
1062 3491 1207 3566 Evangelii
1218 3509 1298 3548 sunm
1307 3491 1479 3550 uuruluutes
1487 3493 1880 3568 pleriquecircumcisiouem,

184 3586 272 3642 tuscie
289 3582 437 3658 pectorali,
453 3587 580 3643 cilicium
602 3589 665 3660 (ho.
682 3588 734 3662 ru).
751 3610 764 3638 o
790 3589 855 3645 Non
885 3596 1006 3664 partim,
1061 3581 1140 3638 siout
1156 3585 1183 3636 et
1208 3584 1297 3637 Actus
1322 3583 1474 3656 apostolici
1497 3585 1641 3640 testentur
1666 3585 1735 3658 (rlrt.
1751 3605 1799 3654 xv,
1816 3589 1881 3660 ιιι).

183 3675 244 3742 sod,
263 3679 294 3730 ut
310 3675 361 3740 eit,
378 3697 392 3726 ιι
404 3679 465 3732 toto
478 3675 550 3734 lecte
562 3683 606 3734 est
617 3677 682 3734 lunt
695 3678 743 3734 ille
755 3679 829 3736 sicut
840 3683 961 3754 sanguis
974 3700 1004 3750 5·
1060 3669 1160 3742 lisque
1177 3673 1279 3739 sponte
1294 3671 1459 3727 excidentes
1475 3689 1490 3727 s
1506 3673 1599 3746 gretie
1613 3671 1732 3744 Christi,
1747 3683 1825 3732 recte
1840 3693 1881 3732 ce·

184 3765 254 3823 loris
270 3767 432 3836 obsidione,
449 3767 527 3824 iulus
543 3767 695 3837 seditione,
713 3769 783 3826 loris
796 3775 824 3826 ot
838 3771 917 3827 intus
932 3773 1007 3827 lerro
1059 3759 1191 3816 itidemst!
1206 3756 1292 3815 θῑῑδῐῐ]
1309 3759 1338 3814 ῑῡ
1354 3775 1402 3814 ⁰?ss
1419 3757 1507 3834 810‘155
1526 3763 1582 3817 'eli
1598 3777 1699 3820 ⁰⁰¹⁰&
1715 3763 1827 3836 ludet,
1850 3771 1877 3821 ⁰¹

183 3853 296 3928 ctlgue,
308 3857 436 3938 emplius
447 3861 544 3914 nutem
557 3857 637 3915 intus
648 3859 722 3915 lerro
736 3861 780 3916 vel
792 3862 944 3934 sunguine,
958 3881 1004 3938 pu-
1059 3857 1108 3930 qui
1124 3855 1341 3929 superfuerunt,
1367 3856 1472 3929 captivi
1494 3857 1522 3914 io
1548 3877 1651 3917 omnes
1676 3865 1779 3934 gentes
1803 3863 1878 3920 ducti

184 3945 509 4003 vor-euronotum«
527 3947 807 4006 lorlsvestebetcos
825 3951 953 4022 gladius,
976 3953 1005 4008 et
1059 3949 1138 4014 suoi,
1170 3963 1227 4002 ooo
1254 3945 1360 4016 stellio,
1386 3955 1415 4001 ol
1438 3947 1498 4018 jem
1524 3947 1710 4019 dictumest,
1740 3951 1790 4008 sed
1820 3952 1882 4024 pul-

184 4035 264 4092 lutus
275 4053 361 4105 puvuc
372 4081 379 4106 ,
389 4037 525 4104 ‚irrveocm
536 4036 623 4094 simul
635 4055 667 4094 ec
678 4037 831 4112 virginem,
845 4039 1002 4096 lactentem
1060 4034 1119 4092 veri
1136 4051 1224 4106 quom
1241 4035 1357 4108 projicit
1370 4043 1474 4092 ventus
1489 4055 1506 4094 e
1523 4036 1593 4094 lucie
1623 4045 1705 4096 tcrrae
1729 4059 1882 4116 compere-

184 4143 249 4179 euru
267 4125 385 4182 homine
401 4142 480 4194 sene,
495 4131 523 4181 et
535 4127 784 4184 consumebuutur
805 4128 881 4186 ieme
904 4129 1001 4202 (Dect.
1058 4121 1143 4179 biles.

185 4215 284 4284 reru).
307 4235 373 4264 ›r-«
390 4211 494 4270 Munus
511 4215 666 4271 mulierum
690 4215 935 4286 misericordium,
960 4217 1004 4272 lo·
1094 4233 1106 4262 o
1124 4211 1735 4276 Etcoelumrecessitsicutliberiuvolutus.
1747 4242 1761 4270 ι)
1773 4219 1881 4278 Goetum

186 4303 249 4372 quit
260 4302 412 4370 Joromius,
428 4309 565 4358 coxerunt
578 4303 651 4358 lilios
663 4319 750 4372 suos,
765 4303 831 4360 lucii
844 4309 911 4360 sunt
922 4305 1005 4361 cibus
1059 4301 1087 4357 iu
1105 4302 1234 4376 quesibi
1251 4303 1334 4376 qussi
1351 4302 1442 4359 stelle
1458 4303 1555 4360 lucere
1565 4305 1750 4376 videbuntur,
1762 4309 1884 4370 scientie

185 4407 285 4446 eornm
301 4391 328 4446 in
346 4391 548 4446 contritionem
566 4391 630 4448 filim
647 4392 745 4464 pepuli
762 4393 829 4451 mci.
848 4415 860 4443 ιι
887 4393 1005 4460 Quere‘l
1058 4387 1131 4462 logis
1152 4392 1226 4458 erut,
1242 4391 1270 4445 in
1294 4407 1353 4462 que
1368 4407 1433 4446 oum
1450 4393 1588 4464 despectu
1605 4395 1737 4468 gentium
1753 4401 1883 4456 omnium

185 4501 199 4528 ιι
218 4482 338 4550 t·rnpter
360 4485 485 4550 pesculo,
509 4479 615 4551 inquit,
641 4481 848 4552 prophetorum
876 4483 949 4552 ejus,
977 4487 1005 4540 et
1061 4479 1145 4549 quasi
1162 4477 1212 4534 ulti
1228 4485 1255 4536 et
1269 4479 1384 4534 nitiduli
1399 4479 1492 4535 Judml
1509 4481 1719 4550 glorleheutur.
1732 4507 1746 4535 ιι
1763 4485 1817 4542 Sed
1833 4506 1884 4544 ou-

185 4567 353 4638 ioiquitetcs
365 4567 549 4623 secerdotum
561 4571 635 4638 ejus,
646 4567 902 4640 quielluderuutin
913 4569 1007 4628 medlo
1062 4567 1170 4622 leretur
1185 4586 1201 4622 a
1214 4568 1307 4634 vobis,
1325 4567 1431 4640 inquit,
1448 4573 1535 4638 Deus,
1551 4586 1674 4642 regnum
1689 4571 1752 4639 Dei,
1763 4579 1792 4632 ct
1802 4577 1882 4632 debi-

183 4657 248 4728 ejus
263 4657 433 4728 sanguinem
448 4655 592 4728 justorum
607 4657 715 4729 (Three.
731 4657 783 4728 ru).
804 4679 819 4708 n
843 4657 933 4714 Millis
957 4660 1006 4715 in·
1061 4657 1200 4728 turgenti
1217 4655 1332 4712 lactenti
1351 4659 1458 4712 tructus
1473 4657 1547 4730 ojus.
1560 4681 1573 4708 o
1586 4657 1695 4716 Coelum
1707 4678 1776 4736 ergo
1791 4681 1881 4720 reces-

184 4745 372 4802 tcrl'ectorum
390 4745 433 4802 vir
450 4743 604 4816 quisquam
615 4745 801 4802 dinumerare
816 4749 918 4822 potult.
932 4769 945 4798 rr
959 4747 1006 4804 Sol
1062 4743 1110 4808 sit,
1127 4744 1197 4816 quis
1211 4743 1346 4800 videlicet
1361 4761 1466 4802 sensus
1481 4745 1596 4802 illorum
1609 4755 1882 4824 coeuguetotieuut,

185 4850 253 4906 ergo
270 4833 363 4889 luctus
379 4839 423 4889 est
440 4835 521 4906 niger
535 4833 612 4889 sicut
624 4851 727 4891 succus
739 4834 885 4902 cilicinus,
899 4841 927 4892 et
939 4836 1008 4892 lune
1061 4833 1244 4905 etdisperult
1259 4831 1295 4889 eb
1312 4831 1381 4899 illis,
1397 4833 1455 4892 iuro
1472 4853 1527 4890 non
1544 4837 1612 4893 dete
1627 4845 1671 4894 eet
1686 4839 1754 4910 illis,
1769 4849 1885 4916 propter

186 4929 245 4979 tote
261 4923 338 4980 luctu
352 4928 396 4978 est
416 4923 493 4978 sicut
507 4925 629 4992 surrguis
644 4943 651 4992 ς
667 4925 683 4974 ἰι
701 4925 741 4978 ite
757 4931 832 4980 recte
848 4923 915 4980 telle
927 4925 1006 4980 deoi-
1062 4922 1190 4994 inopiam
1205 4921 1313 4988 cerdis,
1325 4923 1487 4994 spiritualis
1500 4941 1587 4980 secret
1599 4925 1884 5004 legisintelligeutie.

185 5015 281 5086 gretie
298 5012 542 5069 street-coloneio
553 5017 719 5086 presigneri
731 5011 869 5069 dehucret
882 5019 1008 5072 tenebris
1063 5009 1212 5074 Quomodo
1228 5009 1399 5066 recesset»
1424 5013 1507 5068 dicut
1529 5011 1601 5069 libor
1627 5015 1784 5088 involutus,
1803 5041 1814 5070 ι
1842 5021 1884 5076 in·

186 5103 257 5169 illis,
288 5117 354 5174 qum
384 5101 464 5158 leole·
492 5107 562 5158 sunt
586 5117 675 5172 snper
699 5105 864 5160 uuiversum
888 5111 1008 5173 terrem,
1063 5101 1137 5172 quil.
1155 5097 1357 5154 Pulchreestis
1374 5101 1477 5170 innuit,
1490 5100 1561 5172 quid
1573 5105 1736 5175 peremtum
1750 5111 1887 5166 recedens

186 5191 302 5261 quondo
318 5187 360 5244 sol
375 5203 459 5244 verus
475 5185 607 5243 Christus
624 5187 731 5244 scelere
747 5188 877 5261 ipsorum
899 5191 1008 5246 exstin—
1065 5186 1188 5260 intelligi
1204 5187 1335 5259 voluerit,
1351 5189 1401 5258 qui
1413 5206 1560 5246 recessum
1574 5187 1655 5248 illum
1671 5192 1745 5251 libro
1758 5195 1886 5254 involuto

184 5279 327 5351 guehetur
353 5275 381 5332 lo
411 5276 541 5348 petihulo
565 5275 661 5332 crucis
684 5277 761 5350 (Luc.
791 5279 879 5348 ιιιιιι).
909 5277 1007 5350 Neque
1063 5275 1210 5332 sffmilevit.
1225 5275 1299 5342 Ouid
1316 5293 1442 5350 numque
1458 5282 1503 5334 eet
1517 5277 1682 5356 dicere,qul
1697 5283 1800 5341 emtum
1814 5289 1888 5346 sicut

184 5369 262 5422 enlm
278 5365 481 5421 tantummodo
499 5365 568 5420 loris
583 5365 623 5421 lto
634 5365 787 5438 denigrati,
798 5383 897 5422 verum
909 5367 1007 5434 olium,
1063 5363 1138 5419 lihcr
1158 5362 1304 5419 involutus
1320 5365 1449 5434 recessit,
1468 5365 1523 5421 nisi
1541 5383 1573 5422 ec
1588 5369 1611 5426 si
1634 5369 1790 5440 diceretur,
1819 5376 1887 5447 quie

186 5457 260 5526 quod
277 5455 394 5526 gravius
410 5459 454 5510 cst
474 5455 552 5510 lutus
568 5457 594 5510 iu
612 5455 697 5511 corde
708 5457 931 5511 suntexcaeceti.
945 5457 1009 5510 l‘er·
1063 5452 1192 5508 involute
1207 5456 1236 5507 et
1247 5453 1347 5508 cleosa
1358 5451 1575 5512 illiseetemnis
1588 5457 1847 5531 Scripturedivirm
1859 5471 1886 5522 et

184 5543 358 5612 sequebatur
374 5544 482 5616 quippe
499 5543 598 5599 ionem
615 5543 694 5598 illem
705 5545 788 5614 justo
804 5543 958 5610 sententie,
977 5547 1008 5602 ul
1062 5539 1212 5598 emissust
1228 5541 1261 5597 Et
1277 5541 1334 5597 illis
1350 5543 1467 5614 quidem
1483 5563 1499 5600 e
1515 5544 1623 5617 quibus
1634 5551 1748 5607 recessit
1763 5549 1816 5609 hoc
1828 5571 1883 5611 em·

189 5628 271 5683 fieret
286 5633 346 5684 tote
361 5629 436 5684 elcut
453 5632 583 5702 sanguis,
599 5629 844 5702 suometludiolo,
857 5647 924 5687 cum
936 5631 1010 5689 llce·
1062 5630 1135 5698 lum,
1151 5630 1198 5686 hic
1213 5629 1338 5687 celestis
1351 5630 1426 5687 liber
1439 5632 1596 5705 involutus,
1613 5637 1673 5694 imo
1693 5643 1722 5694 et
1748 5639 1882 5713 signatus
