3952 6056
155 285 215 346 etto
706 280 880 346 enpanti
902 278 1072 342 ABBA'PIS
1094 284 1312 350 t'tlttlottsts
1803 293 1863 355 256

156 412 323 486 repellehet,
348 415 408 472 imo
424 419 451 472 et
470 414 604 474 icilrmes
629 431 731 473 eornm
747 416 867 472 eurahet
885 415 980 487 (loen.
997 415 1021 480 Α
1038 429 1094 485 que
1118 421 1173 488 cst,
1197 420 1246 490 qui
1271 423 1341 478 adeo
1367 422 1531 494 profecerit,
1549 429 1581 482 ul
1603 427 1668 497 ejus
1684 427 1862 486 intrinsecus

157 519 199 574 rv;
229 501 324 560 uarro.
340 519 403 571 vin,
419 507 473 576 ιι),
500 504 588 562 ueluti
605 504 742 562 columba
757 522 822 576 qua
837 504 982 561 interdurn
1037 504 1146 572 aniana,
1162 508 1250 565 velad
1266 511 1548 580 momentum,illum
1560 515 1649 587 hujus
1660 517 1781 588 spiritus
1792 533 1861 574 eon-

156 591 252 664 pullos
273 593 349 650 louet
367 592 489 662 alienos,
516 597 546 651 el
561 594 602 650 eis
618 595 655 652 ah
670 594 782 652 oriente
797 598 826 650 el
845 593 881 650 ah
905 593 984 650 oeci·
1038 599 1147 652 tautum
1164 598 1281 666 sentiat,
1292 601 1343 672 qni
1355 616 1406 673 per
1415 601 1624 662 sibilumaurra
1633 611 1749 664 manem
1766 607 1859 680 signi·

154 682 240 738 dente
264 681 406 749 vecturis,
432 683 532 740 sinum
558 683 681 740 llhraha
703 683 740 740 ad
760 683 983 741 recumbendum
1037 683 1142 740 ficator
1158 685 1187 741 in
1203 686 1276 757 Elia,
1292 690 1425 747 dicente:
1451 713 1466 742 ιι
1491 692 1525 748 tot
1549 699 1614 765 post
1636 695 1732 766 ignem
1758 696 1863 753 sibilus

155 771 984 844 seseaperirepromitlehat.Spirituquoquofortitudinis
1038 775 1234 842 auratennis,
1257 782 1285 832 et
1301 779 1341 835 ihi
1356 778 1499 838 Dominus
1522 783 1581 854 (til
1594 784 1659 853 ltro.
1682 785 1751 857 xta).
1777 809 1791 836 n
1815 787 1863 842 list

156 857 285 916 incessit.
303 862 364 926 Quo
380 860 492 929 relicto,
510 861 625 933 primus
640 861 729 918 homo
754 862 860 929 vietus,
877 861 984 918 intem·
1036 862 1243 921 enimintimns
1254 867 1744 944 quidamcircumscriptaveritetis
1755 889 1859 930 sensus

155 951 290 1019 perante:
301 947 373 1018 gulae
384 949 585 1016 succubuit,el
600 951 733 1024 seipsum
749 950 880 1008 venalem
895 950 982 1006 iecit:
1037 948 1087 1005 illa
1102 951 1316 1024 significatione
1333 973 1500 1029 expressus,
1517 975 1603 1032 quem
1619 966 1721 1019 sancta
1738 962 1860 1018 mensio

155 1037 215 1092 imo
229 1035 321 1108 gratis
336 1037 533 1110 venundatus,
550 1043 741 1111 semetipsum
752 1038 831 1097 omni
847 1039 983 1111 prasidio
1037 1042 1284 1114 contemplatione
1295 1047 1489 1117 rapta,suhita
1502 1047 1651 1108 interdum
1668 1050 1862 1108 illustratione

154 1125 289 1182 destituit
302 1133 330 1182 et
345 1127 481 1198 perdidit.
509 1129 561 1186 Hic
577 1133 675 1186 eutem
701 1128 780 1185 velut
800 1128 939 1186 columbe
953 1129 982 1185 in
1037 1129 1192 1201 degustare
1208 1138 1345 1190 meretur.
1364 1134 1622 1194 ntilleeieeodem
1634 1139 1742 1211 Spiritu
1756 1140 1859 1212 plenus

155 1215 247 1286 petris
259 1213 426 1286 nidificans,
443 1232 501 1289 quo
516 1233 638 1290 serpens
653 1219 788 1274 accedere
805 1234 861 1274 non
878 1217 982 1290 possit,
1037 1223 1090 1287 est,
1106 1223 1138 1274 ut
1154 1220 1182 1276 in
1198 1222 1262 1293 ipso
1280 1223 1387 1280 habitet
1402 1226 1735 1301 corporaliter,utsupre
1748 1232 1859 1287 dictum

155 1303 306 1361 erodentes
319 1305 350 1362 iu
364 1322 396 1362 se
411 1311 473 1362 tuto
484 1307 621 1378 praesidio
637 1305 798 1378 collocavit,
815 1325 841 1363 v.
857 1323 898 1380 3.,
915 1323 982 1364 oum
1036 1311 1092 1378 est,
1108 1325 1224 1383 semper
1238 1314 1382 1370 mausueti
1400 1317 1527 1387 pectoris
1540 1318 1605 1388 rjus
1626 1319 1776 1375 mansione
1787 1335 1860 1376 con·

156 1393 282 1450 diceret:
300 1416 314 1446 ιι
331 1394 422 1452 Nemo
437 1400 535 1468 potest
550 1411 650 1468 repere
666 1396 701 1451 de
717 1411 805 1452 manu
822 1396 916 1454 Petris
927 1405 982 1460 met
1036 1396 1145 1466 tantm,
1162 1396 1301 1471 nulloque
1328 1417 1459 1474 unquam
1488 1403 1646 1461 carnalium
1673 1406 1859 1463 affectionum

154 1483 243 1554 (loon.
269 1483 309 1556 x).
338 1503 354 1538 e
379 1484 488 1557 Spiritu
506 1485 634 1541 scientie
649 1485 788 1542 similiter
801 1485 981 1542 abundavit:
1036 1484 1157 1558 strepitu
1178 1487 1353 1560 inquitetus.
1369 1489 1531 1562 spirituum
1547 1495 1783 1566 supradictorum
1801 1497 1862 1569 plc-

155 1589 243 1644 quam
260 1573 376 1645 primus
391 1572 479 1630 homo
494 1573 632 1646 perdidit,
645 1575 716 1630 dum
727 1574 794 1647 plus
809 1575 884 1632 scire
895 1591 981 1647 eppe·
1037 1575 1211 1646 citudinem,
1227 1578 1312 1649 quasi
1327 1579 1423 1652 prima
1437 1583 1617 1640 eructatione
1632 1585 1717 1640 nobis
1732 1585 1739 1640 i
1745 1602 1795 1656 pse
1816 1603 1860 1642 re·

155 1662 229 1730 tivit,
247 1664 433 1736 promittente
444 1665 527 1722 hoste
538 1666 668 1737 antiquo,
685 1665 764 1736 quod
779 1670 983 1737 taansgresecr
1036 1663 1124 1734 indit,
1141 1666 1211 1722 dum
1238 1667 1367 1739 primum
1392 1685 1568 1738 sermonem,
1585 1688 1671 1744 quem
1696 1683 1760 1746 poet
1785 1675 1860 1732 hane

155 1753 290 1824 pronepti
304 1753 411 1823 leotrrs,
427 1753 582 1810 habiturus
598 1759 676 1812 esset
692 1755 846 1812 scientiam
862 1754 932 1810 honi
951 1759 980 1811 et
995 1787 1021 1853 B
1037 1753 1305 1812 manifestationem
1320 1756 1413 1814 turbis
1424 1759 1460 1816 ed
1475 1775 1507 1816 se
1518 1760 1733 1819 confluentibus
1744 1763 1861 1832 hebuit,

154 1837 233 1895 maii.
258 1841 311 1898 Hie
326 1847 423 1898 eutem
440 1859 594 1900 aecervum
610 1843 743 1900 omnium
766 1843 978 1916 scripturarum
1035 1841 1090 1898 hcc
1106 1842 1191 1900 modo
1206 1844 1345 1918 incoepit:
1362 1868 1376 1898 e
1400 1849 1481 1905 Beati
1494 1865 1638 1922 pauperes
1652 1853 1769 1924 spiritu,
1786 1871 1861 1925 qun·
1972 1853 1973 1916 ξ

153 1925 266 1986 hahens
289 1946 379 2001 penes
402 1947 444 1999 se,
478 1933 625 2004 quomodo
650 1931 785 1990 columba
808 1933 844 1988 de
874 1948 981 2006 magno
1034 1931 1859 2014 niemipsorumestregnumeoslorum(lletlhmt,»ete-
1972 1949 1973 1958 ¹

155 2017 244 2074 tritici
268 2035 371 2075 acervo
395 2036 487 2092 grene
510 2022 642 2094 congerit
670 2021 848 2088 candidiore,
878 2022 921 2078 eie
945 2022 981 2078 de
1033 2019 1173 2079 Hioenim
1196 2025 1297 2080 nosed
1314 2024 1484 2084 hocinvitel
1502 2033 1531 2084 et
1552 2029 1700 2099 informat,
1719 2034 1751 2086 ut
1765 2031 1859 2088 simus

154 2107 234 2162 omni
249 2108 397 2181 scripture
409 2110 533 2182 tempori
546 2109 589 2166 uel
601 2110 640 2166 rei
653 2126 800 2183 eortgruae
815 2111 981 2182 proterebat
1034 2111 1069 2166 ad
1091 2110 1184 2183 ipsius
1208 2113 1415 2185 imitationem,
1434 2116 1519 2187 juxte
1542 2119 1699 2190 quemdem
1725 2135 1857 2192 superno:
1972 2169 1973 2172 ,

154 2195 368 2265 sententias,ila
385 2203 418 2254 ut
433 2200 571 2256 mirantes
585 2199 714 2256 dicerent
727 2199 791 2271 ejus
802 2199 972 2256 aduersarii:
1033 2200 1262 2273 dispensationis
1278 2204 1410 2273 modum,
1435 2207 1633 2277 pertimerem
1651 2208 1700 2264 Dei
1717 2209 1854 2282 humiles,

154 2285 334 2349 «Quomodo
351 2286 399 2342 hic
413 2287 526 2344 littores
543 2288 607 2356 scit,
633 2304 699 2344 eum
716 2304 773 2344 nou
793 2287 950 2346 didiceritl
965 2311 980 2340 n
1033 2299 1085 2356 per
1108 2283 1223 2356 pietatis
1237 2285 1371 2344 studium
1382 2287 1479 2358 mites,
1496 2306 1547 2362 per
1561 2291 1713 2348 seientiam
1726 2293 1858 2365 discreti,

150 2373 318 2445 (ineman).
347 2376 455 2446 Spiritu
487 2375 604 2447 pietatis
633 2377 754 2432 omnino
784 2375 890 2448 plenus
915 2377 978 2434 luit.
1034 2372 1748 2451 permentislortitudinemliheri,pereonsilinm
1768 2385 1857 2452 cauti,

154 2464 215 2526 Quo
235 2461 360 2519 nimium
386 2463 501 2534 primus
516 2464 604 2521 homo
620 2466 749 2522 nudatus
773 2466 979 2538 contonando
1034 2478 1085 2534 per
1108 2460 1289 2520 intellectum
1315 2464 1437 2536 providi,
1461 2483 1511 2538 per
1534 2467 1707 2540 sapientiam
1737 2473 1856 2530 maturi.

156 2551 287 2623 seipsum
303 2557 333 2609 et
349 2561 558 2624 posterossuos
569 2559 681 2610 eterne
693 2553 778 2611 morti
790 2555 911 2624 addixit,
928 2571 981 2612 nee
1033 2552 1089 2608 Sed
1105 2552 1249 2624 Propheta
1265 2554 1300 2609 de
1314 2553 1482 2612 eoeicstihus
1502 2555 1636 2629 loquens,
1653 2560 1762 2631 gradus
1787 2561 1860 2618 istos

156 2644 221 2711 post
236 2640 354 2714 eulpam
370 2642 545 2714 requisitus,
568 2643 672 2700 anime
687 2659 747 2699 aaa
763 2642 922 2713 condoluit,
948 2649 982 2700 ut
1033 2639 1236 2698 descendendo
1252 2641 1345 2714 magis
1360 2659 1447 2715 quem
1463 2646 1648 2702 ascendendo
1670 2650 1855 2708 numeravit:

155 2729 356 2801 paenitentiam
372 2731 555 2804 agaretinm,
571 2731 600 2788 in
618 2737 709 2788 Deum
725 2733 843 2789 retorsit
858 2732 979 2802 melum,
1033 2728 1167 2786 videlieet
1181 2730 1368 2802 sepiantiem,
1384 2731 1578 2804 intellectum,
1593 2735 1761 2805 consiliunt,
1778 2739 1859 2796 lorti·
1973 2761 1974 2768 ¹

155 2818 232 2888 quod
248 2820 435 2891 perpetravit,
451 2821 593 2877 dicendo:
615 2843 630 2872 ιι
645 2820 758 2890 liulier,
770 2837 859 2894 quam
874 2821 980 2879 dedisti
1033 2819 1177 2887 tudinem,
1202 2819 1364 2888 scientium,
1389 2822 1540 2895 pietatem,
1564 2824 1711 2884 timorem.
1740 2831 1860 2886 Constat

157 2907 229 2963 mihi
244 2907 325 2964 dedit
339 2909 411 2965 mihi
427 2914 456 2966 et
471 2910 584 2968 comedi
613 2912 690 2982 (den.
708 2911 760 2982 ιιι).
778 2931 793 2961 ιι
815 2909 866 2966 Hic
881 2914 979 2968 antem
1033 2907 1111 2964 enim
1134 2908 1235 2981 procul
1256 2909 1356 2980 dubio,
1381 2911 1452 2983 quia
1470 2929 1486 2968 a
1501 2912 1606 2970 timore
1630 2915 1665 2970 sd
1682 2915 1857 2988 sapientiam

154 3011 212 3052 non
228 2995 324 3054 solnm
349 2997 496 3055 neminem
512 2998 627 3066 oceidit,
652 2996 732 3055 velut
745 2998 892 3068 eolumhe,
916 3015 981 3072 qua
1034 2996 1213 3068 ascenditur,
1231 3015 1289 3055 nnn
1304 3007 1401 3076 aulem
1418 3001 1592 3074 asapientie
1608 3003 1644 3059 ad
1662 3004 1794 3062 timorem
1809 3022 1860 3063 re·

153 3084 227 3142 nihil
243 3085 338 3142 vivum
353 3088 490 3158 comedit,
507 3104 607 3144 verum
621 3094 651 3144 et
665 3104 698 3146 eo
714 3105 829 3160 semper
849 3088 980 3146 intentae
995 3129 1016 3196 c
1035 3085 1201 3153 ditur.0uie
1216 3087 1355 3146 nimirum
1373 3090 1529 3162 perlectam
1545 3091 1634 3148 habel
1649 3094 1771 3151 scicntia
1791 3094 1860 3151 cha·

154 3175 219 3244 init,
237 3179 268 3233 ut
282 3176 371 3233 vitam
385 3179 467 3234 daret
483 3177 626 3234 mortuis:
650 3197 664 3230 ι
689 3178 766 3234 Nam
782 3177 872 3234 Filius
888 3177 979 3233 homi·
1035 3174 1163 3242 ritatem,
1188 3197 1203 3226 ιι
1228 3175 1346 3232 initium
1369 3193 1438 3234 vero
1458 3178 1608 3251 sepientis
1631 3180 1721 3236 timor
1744 3181 1860 3238 Domini

154 3263 212 3332 oie,
237 3265 346 3336 inquit,
371 3282 428 3322 non
444 3266 522 3321 uenit
537 3267 652 3321 animas
668 3265 852 3336 perdere,sed
869 3264 981 3322 salvere
1035 3263 1119 3333 (Petti-
1137 3263 1192 3335 cx).
1218 3284 1233 3314 »
1258 3263 1402 3322 Dominus
1415 3271 1524 3337 eutem,
1541 3267 1610 3339 quie
1637 3285 1690 3326 uos
1703 3288 1719 3324 a
1733 3272 1860 3328 terrenis

153 3352 229 3423 (tue.
247 3355 295 3422 rx).
313 3375 327 3404 n
343 3353 471 3425 Spiritus
484 3353 598 3410 timeris
616 3354 728 3410 Domini
741 3353 923 3425 superillnm
935 3371 979 3410 re·
1034 3349 1071 3406 ed
1094 3347 1223 3406 orelestie
1238 3351 1380 3419 sublevat,
1404 3353 1521 3409 eosdem
1545 3354 1650 3422 aradus
1674 3358 1859 3414 ascendendo

153 3439 273 3512 quievit.
298 3439 389 3505 Quem
405 3442 520 3515 primus
536 3443 625 3499 homo
640 3459 656 3497 a
673 3459 704 3498 se
720 3441 836 3514 repulit,
852 3459 869 3498 a
885 3442 981 3512 prime
1035 3442 1180 3507 numerat,
1196 3439 1326 3496 alimore
1340 3438 1492 3512 incipiens,
1518 3442 1568 3515 qui
1583 3459 1634 3515 per
1655 3449 1859 3517 paupertatem

153 3531 340 3603 suggestione
369 3530 488 3600 diaboli,
515 3547 610 3603 usqne
638 3531 674 3588 ad
697 3531 980 3588 consummationem
1034 3526 1154 3599 spiritus
1170 3525 1478 3600 intelligitur,dicendo
1493 3547 1500 3584 :
1517 3553 1531 3582 ιι
1546 3532 1622 3588 Beati
1639 3549 1780 3606 pauperes
1797 3535 1860 3606 spi-

154 3618 468 3692 peccali.Hieautem,
497 3622 573 3676 sicul
599 3620 905 3694 columhaprocaotu
931 3637 980 3694 go·
1034 3613 1091 3670 ritu
1121 3615 1227 3688 (narrt.
1257 3618 1293 3687 vl.
1323 3638 1338 3668 »
1368 3618 1475 3676 Deinde
1498 3620 1636 3692 pietatem
1659 3625 1857 3692 eonrmendal,

154 3707 817 3780 mitnmhahei‚iteprcdeliciishehuit,cum
835 3707 981 3766 voluntate
1034 3701 1536 3779 dicendffle‘Bffiliffisteflll'bt'dl·ll
1565 3708 1859 3783 Milttsscefflntlmquss
1974 3749 1975 3752 ι

153 3796 247 3855 Patris
275 3797 400 3854 saturari
422 3797 598 3871 opprobriis,
625 3799 725 3855 dicens
749 3814 801 3870 per
823 3799 921 3854 omnia
943 3798 981 3855 ob
1034 3809 1107 3864 opus
1123 3799 1166 3848 est
1181 3793 1307 3865 pietatis,
1323 3795 1564 3866 nequeresistcre
1579 3797 1683 3853 divine
1699 3798 1858 3871 Scripturas

155 3887 238 3943 initio
253 3903 311 3944 sua
327 3886 653 3958 ineernetioeie,dieens
669 3891 803 3960 prompte
815 3903 872 3943 non
884 3885 979 3944 solum
1034 3881 1094 3939 trive
1110 3881 1275 3950 intellecta,
1297 3884 1367 3939 dum
1389 3883 1487 3957 alique
1506 3885 1576 3943 vitia
1590 3893 1691 3944 nostre
1712 3891 1858 3960 percutit:

152 3976 489 4048 vorbiocodottaotlo:
521 3995 532 4026 e
558 3982 652 4045 poter,
677 3993 735 4032 non
764 3976 906 4047 mee,eed
932 3981 981 4032 tua
1035 3971 1859 4050 sivenonintelleetae,quesinosmeliussopere,melius

152 4067 204 4122 liet
217 4065 350 4124 voluntas
367 4066 450 4138 (Luc.
466 4069 547 4138 xxti).
566 4087 580 4117 »ι
606 4065 696 4139 igilur
709 4063 836 4137 Spiritus
853 4064 980 4134 Domini,
1035 4062 1190 4135 precipere
1214 4062 1372 4135 possimus.
1398 4063 1507 4120 Deinde
1539 4065 1656 4122 venitur
1677 4069 1712 4123 ed
1739 4070 1856 4124 tertium

153 4155 203 4226 qui
218 4152 981 4229 hactenusinmagnusilvagenerishumanirequiem
1034 4149 1162 4206 scientie
1184 4150 1320 4222 gradum,
1342 4150 1412 4206 dum
1437 4151 1524 4208 dicit:
1549 4173 1563 4202 ιι
1588 4153 1667 4210 Beati
1687 4155 1735 4225 qui
1759 4155 1859 4226 lugent

154 4243 501 4311 noninveuerat,tendem
514 4243 688 4316 superhaec
700 4242 801 4300 liorem
814 4242 979 4316 requiescit.
1033 4237 1141 4310 (itin).
1158 4261 1172 4288 n
1197 4243 1268 4296 Nero
1284 4238 1333 4294 ille
1354 4242 1450 4308 timor,
1479 4256 1535 4311 quo
1563 4243 1669 4314 cogitet
1692 4243 1728 4297 de
1745 4243 1858 4314 judicio

152 4334 187 4388 in
204 4348 261 4403 quo
272 4337 380 4388 eterne
396 4333 522 4388 stelione
538 4330 841 4406 permanens,nullem
853 4331 980 4403 alicujus
1033 4326 1095 4396 Dei,
1112 4331 1142 4384 et
1156 4326 1205 4384 illa
1221 4329 1325 4400 pietas,
1352 4343 1411 4400 que
1425 4343 1483 4383 non
1509 4332 1601 4398 potest
1618 4329 1674 4386 nisi
1699 4331 1817 4390 credere
1831 4342 1859 4390 et

152 4420 214 4490 viiii
224 4418 371 4491 repulsam
383 4418 538 4491 aliquando
545 4417 662 4492 pertulit
672 4435 678 4474 :
688 4419 979 4490 quamejuerequiem
1034 4419 1136 4472 cedere
1151 4416 1255 4472 divinae
1266 4416 1587 4487 Scripturae,oogiteum
1600 4418 1731 4491 seipsum
1745 4421 1854 4494 lugere.

152 4516 180 4564 et
195 4509 224 4564 in
241 4507 297 4564 hoe
312 4508 374 4564 loeo
389 4508 523 4565 divinum
548 4507 698 4564 oraculum
716 4523 773 4564 non
796 4507 896 4562 tacuit.
911 4511 980 4564 cum
997 4495 1020 4559 D
1036 4509 1111 4562 Vera
1126 4521 1254 4577 namque
1270 4505 1393 4561 scientia
1408 4506 1490 4562 hona
1505 4506 1566 4579 spei
1581 4507 1743 4574 hominem,
1755 4527 1812 4568 non
1825 4528 1855 4566 sc

150 4597 230 4654 enim
242 4596 385 4654 dixisset:
401 4621 415 4648 e
430 4597 525 4668 Super
539 4613 626 4669 quem
643 4595 752 4654 videris
767 4595 906 4668 Spiritum
925 4596 977 4652 de·
1028 4597 1201 4666 lectantem,
1213 4596 1263 4651 sed
1274 4593 1484 4652 lamentantem
1500 4597 1664 4655 iacit'Pune
1674 4614 1738 4656 esse
1751 4600 1855 4674 incipit

152 4687 339 4744 scendentem
356 4687 434 4744 sicut
450 4684 629 4754 columbam,
645 4707 659 4736 s
679 4683 812 4758 protinus
831 4683 975 4756 adjunxit,
1031 4683 1060 4740 iu
1078 4688 1182 4755 quarto
1198 4685 1291 4756 gradu
1309 4683 1499 4754 tortitudinis,
1511 4686 1546 4742 de
1561 4703 1618 4758 quo
1635 4688 1725 4764 dicit:
1744 4713 1757 4740 ιι
1775 4690 1854 4748 Beati

153 4799 165 4828 ι
194 4780 223 4833 et
239 4779 406 4832 manentem
423 4775 452 4830 in
477 4790 521 4830 eo.
544 4795 569 4832 n⁴
588 4773 621 4830 tot
642 4773 718 4846 epud
745 4789 799 4830 nos
815 4774 933 4846 quidem
949 4775 978 4829 et
1031 4775 1084 4847 qui
1099 4774 1232 4832 esuriunt
1247 4779 1276 4832 et
1290 4775 1553 4847 sitiuntjuetitiam
1569 4777 1670 4850 (ibid).
1688 4801 1702 4829 n
1727 4781 1854 4836 Fortitu-

151 4865 180 4922 in
197 4865 282 4922 nohis
298 4869 353 4931 est,
366 4865 451 4936 juxte
476 4863 654 4934 promissum
671 4862 804 4934 ejusdem
820 4859 977 4918 Salvatoris
1032 4863 1110 4920 dinis
1121 4879 1248 4936 namque
1264 4864 1455 4932 est,animum
1471 4863 1542 4920 adeo
1559 4865 1595 4920 ah
1609 4865 1688 4920 omni
1706 4867 1855 4924 morliiera

152 4955 253 5024 nostri,
279 4953 325 5010 hic
345 4954 421 5010 idem
447 4952 586 5023 Spiritus,
610 4949 660 5006 sed
682 4950 768 5022 ionga
793 4951 978 5022 prestantius
1028 4951 1547 5025 jucunditatererumtranseuntium
1563 4953 1855 5020 extraherc,ntvecel

152 5043 305 5116 multoque
321 5042 493 5116 presentiae
508 5041 538 5096 in
554 5040 617 5110 ipso
633 5039 727 5111 eapite
741 5043 842 5096 nestra
860 5055 977 5096 menore
1031 5039 1213 5113 eijuslitiem
1243 5039 1354 5096 esurire
1379 5055 1412 5094 ne
1427 5039 1517 5098 sitire.
1547 5039 1657 5096 Deinde
1685 5041 1854 5100 inconsilio

152 5135 271 5190 dieitur.
297 5133 370 5191 Nem
402 5131 480 5204 apud
511 5127 631 5186 nonita
662 5129 781 5201 quidem
812 5132 920 5197 manet,
948 5132 978 5184 et
1032 5126 1240 5186 misericordius
1262 5132 1368 5200 purgat
1401 5127 1530 5183 animam
1558 5127 1796 5200 tumultuantem,
1827 5139 1856 5188 et

153 5223 193 5278 itu
209 5221 237 5278 in
255 5221 410 5293 nuhissseet,
434 5224 466 5275 ul
487 5233 639 5290 nunqnam
664 5216 762 5272 desint
785 5217 814 5272 in
839 5215 976 5284 Ecclesia,
1032 5217 1246 5290 quodammodo
1260 5217 1476 5289 obstrepentem
1494 5215 1561 5285 sibi,
1579 5215 1615 5271 de
1630 5218 1759 5288 appetitu
1783 5220 1855 5276 inl'e·

153 5306 974 5384 quihujusgratiamSpirituehabeanl,velaliquoddo-
1031 5307 1141 5362 riorum
1172 5305 1318 5378 conceptis
1346 5307 1493 5363 sordibus.
1524 5304 1605 5360 Unde
1633 5311 1663 5360 el
1697 5307 1854 5378 sequitur:

154 5394 976 5470 numejus,idsstlrdem,sapientieevalenientiaser·
1032 5387 1361 5445 «Beaiimiwlfflfdes
1390 5387 1494 5459 (roten.
1522 5407 1537 5436 ”
1568 5386 1643 5442 Ηῑῦθ
1671 5389 1802 5446 ”scindit
1828 5393 1855 5445 in

154 5503 281 5556 monere,
305 5488 575 5559 interpretationem
601 5501 781 5555 sermonum,
796 5485 840 5543 vel
865 5486 977 5544 diecre-
1031 5482 1146 5536 sexium
1163 5479 1285 5550 genium
1304 5479 1468 5534 intellectus
1480 5495 1488 5544 ς
1500 5475 1550 5530 uhi
1562 5475 1623 5547 jam
1636 5476 1732 5549 ipsum
1751 5489 1856 5554 purgat

155 5575 262 5630 lienem
275 5577 461 5647 spiritumet
476 5576 521 5632 his
536 5575 654 5632 similia.
671 5575 766 5632 Rarus
782 5579 879 5632 eutem
895 5574 978 5647 quie·
1031 5566 1161 5635 oculum,
1178 5582 1236 5637 quo
1252 5567 1327 5622 m
1343 5564 1433 5622 videri
1448 5565 1525 5622 Deos
1542 5571 1647 5637 potest,
1664 5567 1693 5623 in
1710 5574 1853 5639 quantum
