3976 6064
172 281 250 344 1063
715 270 886 334 ttUPtittvl
912 265 1078 331 ABBATlS
1101 271 1325 334 TUlTlENStS
1796 274 1878 335 tout

171 416 319 488 magisque
334 407 561 483 praeiudicantisi
578 405 630 474 Qui
646 406 723 463 enim
735 412 847 476 propter
859 404 992 474 pietatum
1009 403 1034 466 Α
1051 404 1245 463 testiinonium
1260 407 1341 464 lesu.
1361 405 1549 464 »tramontio
1560 411 1602 462 est
1616 421 1649 464 ac
1663 405 1687 462 si
1702 405 1798 463 dicat:
1820 407 1877 474 Qui

172 502 306 563 decertati
336 505 412 566 suut,
438 513 491 554 nec
513 495 663 552 homicidis
686 493 845 564 comparari
865 499 993 564 possunt.
1051 492 1199 564 vigilantes
1212 503 1278 552 sunt
1306 497 1336 553 in
1352 495 1434 552 bonis
1460 495 1594 566 operibus
1616 500 1644 550 et
1661 501 1758 551 sancto
1773 496 1878 551 contir-

171 596 294 662 Quorum
320 588 417 659 utique
445 600 566 656 corpore
591 583 737 654 insepulta
760 581 997 646 relictasunt,et
1051 583 1119 638 niati
1140 584 1257 655 Spiritu.
1288 587 1351 655 lpse
1381 600 1504 656 namque
1529 585 1647 655 spiritus
1679 584 1875 640 testimouium

172 683 218 755 pie
244 680 404 736 laborantes
433 676 506 732 escis
523 673 674 731 bestiarum
699 670 911 742 volatiliumque
933 685 996 740 pro·
1051 678 1088 726 est
1104 671 1183 744 lesu,
1200 675 1390 740 reddendam
1410 674 1562 746 Apostolus
1577 673 1626 743 ait,
1639 694 1653 723 ιι
1679 672 1876 730 testimouium

166 770 235 840 jacti
251 775 327 824 sunt.
354 766 462 836 Quique
478 763 605 836 patribus
630 770 773 830 natorum,
789 758 910 816 naturali
926 774 995 816 con·
1051 758 1162 828 spiritui
1179 762 1370 834 nostro,quod
1397 777 1496 818 surnus
1512 761 1564 818 ulii
1593 761 1640 818 Dei
1657 761 1745 831 (Rom.
1767 767 1842 828 vrrrjv.
1861 782 1873 813 ι

171 857 293 915 scientia
306 851 465 924 comparari
494 852 658 918 voluerunt,
683 849 760 905 velut
780 848 881 919 iniqui,
902 847 997 918 cupite
1052 848 1100 903 lsti
1116 865 1182 920 ergo
1206 856 1264 906 tam
1280 849 1398 906 tiumine
1413 866 1497 922 quam
1514 849 1588 906 bello
1603 849 1809 921 persecutionis
1819 850 1876 906 cir·

169 945 241 1003 secti
256 953 334 1002 suut.
351 946 418 1011 Qua
438 942 483 998 lex
499 941 705 1006 Romanorum,
730 953 790 1009 quac
813 936 997 993 barbarorum
1052 938 1208 1009 cumventi,
1236 939 1369 996 dicebaut
1386 938 1480 1007 tortas,
1509 939 1643 996 dicebant
1666 937 1877 1010 insuperabiles

169 1036 322 1102 sententia,
357 1032 500 1105 quoslibet
530 1029 658 1101 patribus
686 1027 871 1085 condolentes
896 1025 999 1096 punit?
1050 1027 1213 1098 cuicunque
1227 1029 1340 1084 Ariana
1362 1027 1517 1100 impictatis
1540 1027 1728 1084 deiensorizn
1744 1028 1877 1095 Quiesce,

170 1126 289 1194 Quando
305 1122 446 1194 quispiam
463 1127 586 1176 votorum
604 1117 774 1189 hujusmodi
789 1115 872 1186 gessit
889 1113 997 1185 iniqui·
1049 1117 1107 1185 jana
1124 1117 1237 1186 quiesce
1250 1115 1296 1172 bis
1308 1132 1360 1173 nos
1376 1123 1479 1173 terrere
1494 1115 1685 1187 sermonibus,
1698 1132 1777 1172 cessa
1791 1117 1877 1172 rerba

168 1215 310 1270 tatami»
330 1211 379 1266 llis
408 1215 491 1281 etque
507 1206 703 1278 huiuscemodi
734 1203 898 1262 crudelibus
912 1204 997 1273 postis
1052 1204 1272 1274 varraproicrrc.
1303 1205 1710 1278 Nosuequeuovum,neque
1733 1215 1877 1262 recentem

168 1301 351 1376 perspicuum
369 1299 537 1370 est‚quando
553 1295 595 1353 vel
609 1295 755 1366 quomodo
770 1294 854 1349 draco
868 1292 915 1348 ille
930 1307 996 1348 cum
1053 1293 1173 1349 colimus
1187 1295 1284 1351 Deum.
1301 1294 1334 1350 tit
1360 1295 1424 1351 iicet
1449 1293 1573 1350 inaniter
1597 1294 1696 1362 iuriae,
1713 1304 1795 1366 teque
1810 1310 1878 1351 con-

175 1389 291 1447 flumine
306 1386 485 1460 loquacitatis
501 1385 575 1441 male
585 1383 800 1454 dogmatizantis
814 1381 889 1453 quod
903 1378 998 1436 emisit
1052 1384 1156 1454 cutiae,
1172 1383 1245 1440 sicut
1261 1384 1414 1441 vehemens
1428 1391 1540 1455 ventus,
1551 1385 1580 1440 in
1592 1383 1876 1455 dogmatibuspicta·

172 1481 207 1536 de
222 1495 270 1535 ore
284 1494 363 1548 suo,«
382 1475 489 1533 bellum
506 1491 616 1548 quoquc
632 1475 723 1530 iacere
753 1473 856 1543 adiecit
871 1487 934 1528 cum
953 1487 998 1528 re·
1051 1473 1088 1528 tis
1105 1474 1240 1544 usquead
1260 1481 1377 1530 mortem
1394 1473 1591 1541 consistimus,
1603 1489 1660 1530 non
1676 1473 1879 1546 impotentem,

169 1568 256 1640 liquis
272 1568 305 1624 de
321 1566 431 1623 semine
446 1564 584 1630 mulieris,
604 1585 617 1614 a
634 1563 681 1635 qui
698 1561 892 1634 superfuerant
911 1560 997 1616 iuue-
1052 1579 1111 1620 non
1127 1563 1388 1633 insipientem,non
1407 1564 1469 1621 siue
1485 1564 1602 1620 veritate
1617 1562 1770 1634 aliquando
1788 1563 1877 1620 taten-

168 1659 221 1716 stis
234 1662 449 1728 persecutorum
466 1654 617 1725 gentilium
636 1653 748 1724 gladiis.
767 1653 819 1709 Sed
834 1651 880 1708 isti
897 1651 997 1721 reliqui
1053 1659 1094 1709 tes
1112 1654 1211 1722 boum,
1227 1669 1287 1710 non
1302 1653 1456 1724 aliquando
1472 1652 1588 1724 quidem
1605 1654 1786 1718 existentem,
1802 1651 1877 1708 sicut

171 1745 268 1818 quales
285 1746 362 1804 460
377 1752 467 1812 erant,
485 1745 527 1800 vel
555 1744 696 1815 quomodo
721 1749 836 1814 possent
852 1741 938 1798 vinci.
955 1742 998 1797 tiit
1012 1764 1037 1830 B
1053 1743 1184 1814 impietas
1197 1741 1257 1800 Arii
1287 1741 1470 1814 temporalem
1500 1743 1635 1814 praedicat
1654 1741 1767 1810 Filium,
1791 1749 1818 1798 et
1835 1741 1880 1798 bis

168 1835 296 1894 euim:«
314 1833 367 1902 Qui
398 1832 564 1890 custodiunt
593 1833 725 1888 mandata
753 1832 815 1902 Dei,
837 1838 864 1887 et
894 1831 998 1888 babent
1053 1830 1168 1890 similia.

770 2091 955 2185 LIBER
989 2087 1263 2186 OCTAVUS

966 2320 1074 2348 :⁸32

208 2499 273 2557 Car.
294 2497 376 2553 Xlll.
391 2517 454 2547 -ιι
472 2499 504 2550 ut
528 2494 592 2551 steti
607 2509 692 2564 super
714 2509 830 2550 arenam
857 2495 954 2564 maris,
971 2500 1000 2553 et
1052 2493 1248 2551 adversatione
1263 2494 1334 2562 ejus,
1351 2494 1385 2550 de
1401 2494 1502 2550 virtute
1527 2501 1554 2550 et
1578 2493 1667 2565 siguis
1681 2499 1765 2565 atque
1779 2493 1880 2564 prodi-

173 2582 717 2642 vididemaribestiamascendentem
743 2581 998 2654 babentemcapita
1053 2583 1183 2655 giisejm
1213 2583 1409 2652 mendacibus,
1439 2584 1474 2640 de
1489 2581 1671 2640 tribulatione
1702 2597 1880 2653 magnaque

170 2681 289 2744 septem,
306 2679 331 2728 ct
348 2687 457 2730 cornua
472 2672 583 2736 decem,
599 2678 627 2726 et
650 2685 737 2743 cuper
751 2686 858 2728 cornua
873 2673 935 2744 ejus
948 2673 998 2730 de·
1052 2672 1159 2729 electos
1175 2672 1334 2742 tribulabit,
1347 2671 1377 2728 u't
1392 2673 1522 2744 decipere
1538 2672 1716 2744 possit,nuuc
1729 2671 1803 2728 risio
1817 2669 1880 2727 baec

170 2778 231 2818 cem
245 2761 446 2830 diademalem
461 2775 547 2832 super
563 2761 655 2831 capita
667 2760 729 2832 ejus
740 2761 858 2818 nomina
868 2761 999 2833 blaspbe·
1053 2762 1177 2820 coelestis
1194 2777 1277 2832 agere
1292 2761 1475 2832 incipit,dum
1492 2761 1540 2818 bic
1553 2766 1693 2833 spectator
1703 2758 1879 2816 mirabilium

177 2852 252 2907 mic.
271 2850 794 2922 »Quahucusquertsoratrcripta
813 2851 996 2908 tractavimus
1052 2850 1140 2907 dicit:
1158 2873 1172 2901 ιι
1197 2851 1229 2906 llt
1259 2850 1324 2906 steti
1351 2865 1436 2922 super
1458 2864 1575 2908 arenam
1600 2849 1728 2906 maris.»
1752 2848 1878 2920 llignum

176 2939 504 3010 dedraconemagnoet
533 2937 874 3010 ruiototcapitum,tam
891 2940 998 2997 multo-
1053 2939 1214 3010 spectaculo
1250 2946 1295 2996 est
1323 2939 1395 3010 quod
1425 2938 1514 2995 dicit:
1542 2939 1613 2996 Stati
1649 2953 1734 3010 super
1761 2953 1877 2994 arenam

177 3045 239 3085 rum
258 3044 409 3096 cornuum,
424 3030 472 3100 qui
489 3029 621 3086 devorare
636 3028 798 3087 intenderat
817 3028 895 3087 illius
910 3029 996 3086 beatas
1051 3029 1148 3084 mavis.
1165 3049 1179 3079 a
1206 3027 1279 3087 Nam
1304 3043 1388 3100 super
1402 3042 1519 3085 arenam
1544 3043 1602 3085 nou
1619 3027 1675 3083 tide
1703 3025 1797 3097 statio,
1824 3027 1876 3082 sed

179 3117 411 3176 rnulieristllium
427 3117 996 3190 masculum,etllloraptoadDeumet
1052 3117 1145 3185 ruina,
1189 3116 1249 3174 sive
1286 3116 1483 3188 propinquitas
1513 3116 1603 3173 ruina
1636 3115 1758 3186 spectari
1792 3115 1878 3172 solet.

176 3209 209 3263 ad
222 3208 356 3264 thronum
384 3207 455 3278 ejus,
478 3215 536 3264 tam
565 3207 674 3278 grando
702 3207 843 3264 commisit
867 3206 994 3278 praelium
1051 3203 1184 3276 Exempli
1198 3204 1297 3277 gratia,
1328 3205 1403 3260 utin
1431 3205 1633 3277 ilvanpallora
1664 3203 1874 3276 utomotsqat

176 3311 240 3356 curn
259 3297 303 3353 bis
317 3297 365 3368 qui
382 3296 486 3353 babent
514 3295 710 3352 testimouium
726 3297 796 3366 cius,
815 3296 950 3353 hactenus
965 3304 993 3353 et
1050 3297 1129 3351 audit
1149 3295 1232 3353 rerba
1251 3311 1315 3352 mea
1340 3295 1411 3364 bmc,
1427 3300 1456 3352 et
1483 3312 1540 3353 nou
1561 3295 1626 3352 iacit
1652 3311 1696 3366 ea,
1714 3295 1819 3351 similis
1833 3303 1878 3351 est

173 3393 239 3442 ante
261 3393 386 3442 nostram
415 3391 526 3440 etatem
554 3383 638 3441 rebus
666 3385 819 3454 adimpleta
843 3401 906 3440 esse
931 3386 993 3441 luce
1049 3383 1400 3456 virostulto‚quiradisscat
1416 3387 1532 3441 domum
1548 3399 1627 3440 auam
1643 3399 1877 3457 superareuam;

168 3472 274 3529 clarius
289 3479 340 3528 cst.
356 3472 456 3528 Adbuc
468 3488 524 3528 uua
537 3471 682 3527 tribulatio
693 3472 721 3528 in
734 3472 887 3528 novissimo
898 3473 993 3530 lutura
1048 3481 1075 3528 ot
1096 3472 1244 3529 descendit
1258 3471 1362 3543 pluvia,
1379 3479 1406 3528 et
1436 3479 1577 3530 venerunt
1600 3473 1730 3543 tlumina,
1746 3477 1772 3528 et
1787 3476 1879 3527 nave·

171 3567 223 3628 cst,
238 3575 293 3630 qua
314 3565 423 3617 catera
456 3558 687 3630 complebuntur,
718 3561 799 3625 dura,
823 3569 849 3617 et
862 3561 989 3617 omnium
1007 3569 1028 3636 c
1048 3567 1115 3617 runt
1130 3561 1205 3616 renti
1220 3568 1244 3617 et
1261 3559 1407 3617 irruerunt
1422 3561 1454 3616 iu
1470 3561 1585 3618 domum
1602 3561 1701 3633 illem,
1715 3568 1742 3617 et
1757 3561 1875 3628 cecidit,

168 3648 304 3719 pessima,
320 3648 551 3717 tribulationum,
581 3649 705 3720 quando,
720 3654 750 3704 ut
778 3650 929 3719 apostotus
941 3651 992 3717 ait,
1047 3655 1072 3704 et
1088 3647 1140 3703 iuit
1152 3648 1235 3704 ruina
1263 3649 1324 3718 ejus
1341 3663 1445 3716 magua
1470 3647 1577 3720 (dotti.
1599 3649 1662 3720 vn).
1675 3669 1690 3699 a
1719 3648 1792 3704 Com
1811 3664 1880 3720 ergo

171 3757 185 3786 ι
202 3733 352 3792 Revelatua
372 3735 456 3792 luerit
485 3735 572 3792 bomo
586 3736 706 3806 peccati,
724 3735 801 3792 iilius
815 3737 992 3808 perditionis,

167 3823 217 3897 qui
231 3825 395 3881 adversatur
406 3832 434 3882 et
444 3825 588 3882 extollitur
603 3840 687 3898 super
702 3842 788 3882 omne
803 3828 876 3898 quod
888 3827 993 3886 dicitur

167 3919 255 3983 Deus,
270 3921 318 3970 aut
333 3915 407 3987 quod
420 3915 533 3981 colitur,
548 3914 588 3972 ite
614 3922 643 3970 ut
659 3915 689 3970 in
705 3915 811 3986 templo
827 3915 874 3972 bol
886 3916 991 3984 redcat,

169 4005 323 4061 osteudens
337 4021 367 4062 se
391 4011 528 4077 tunquam
544 4004 580 4060 sit
594 4004 680 4074 Deus,
696 4008 777 4076 cujus
796 4014 837 4063 est
853 4007 992 4064 adventus

165 4093 321 4150 secundum
350 4093 546 4164 operationem
571 4093 692 4160 Satauae,
718 4095 748 4151 in
773 4095 851 4150 omni
876 4095 990 4160 virtute,

166 4181 265 4253 signis,
276 4186 304 4240 et
317 4182 464 4253 prodigiis,
479 4190 505 4240 et
532 4183 700 4253 mendaciis,
725 4191 752 4238 at
767 4184 797 4240 io
814 4183 891 4240 omni
908 4186 990 4240 scdu-

168 4272 263 4328 ctione
278 4271 437 4343 iniquitatis
458 4272 493 4328 iis
506 4273 555 4343 qui
571 4283 702 4343 pereunt,
723 4289 756 4330 eo
776 4275 850 4344 quod
866 4274 990 4331 charita·

170 4361 228 4412 tem
243 4357 367 4413 veritatis
381 4371 440 4414 oon
466 4366 643 4428 receperunt,
660 4366 690 4413 ut
703 4359 774 4416 satri
786 4360 895 4416 tierent.
914 4359 988 4429 lateo,

166 4445 271 4514 inquit,
287 4445 379 4502 mittet
393 4445 450 4503 illis
468 4447 540 4503 [taus
552 4448 746 4518 operationem
762 4448 865 4506 erroris
879 4453 911 4504 ot
925 4465 990 4506 cre-

165 4534 233 4589 dant
249 4535 408 4604 mendacio,
424 4544 453 4592 ut
465 4537 631 4607 iudicentur
644 4553 745 4594 ornnes
764 4539 811 4610 qui
829 4554 885 4596 nou
901 4539 988 4596 credi·

162 4623 266 4680 derunt
281 4623 454 4693 raritati,sed
470 4635 679 4684 consenserunt
693 4627 838 4700 iniquitati
849 4629 886 4697 (ll
900 4628 987 4684 Tiasa.

165 4710 208 4782 rr).
226 4733 239 4761 a
258 4711 320 4780 illa,
345 4713 475 4784 inquam,
492 4728 548 4770 una
581 4713 726 4770 tribulatio
748 4729 826 4772 nuuc
848 4720 987 4786 superest,

1047 3754 1131 3808 super
1159 3753 1275 3794 arenam
1292 3736 1373 3795 ruina
1399 3737 1564 3808 contingere
1596 3738 1700 3805 soleat,
1715 3737 1762 3794 blo
1782 3745 1879 3794 antem

1046 3843 1076 3884 se
1084 3843 1169 3898 cuper
1182 3841 1296 3883 arenam
1326 3824 1438 3882 stetisse
1452 3827 1538 3896 dicat,
1554 3826 1620 3898 quid
1638 3841 1686 3897 per
1701 3825 1753 3882 boc
1766 3826 1867 3882 innui·

1046 3922 1091 3973 tur
1105 3916 1161 3973 nisi
1185 3915 1321 3988 temporis
1345 3915 1423 3971 illius
1438 3914 1602 3980 diitioultas,
1628 3918 1657 3972 et
1679 3915 1876 3972 tribulationis

1046 4005 1190 4070 nimietas,
1205 4019 1266 4075 quae
1281 4007 1361 4061 tanta
1385 4004 1449 4072 erit,
1466 4011 1495 4059 ut
1507 4003 1750 4075 quemadmodum
1773 4003 1847 4060 dicit
1864 4022 1872 4060 ι

1046 4118 1060 4144 «
1077 4095 1140 4152 ttiat
1155 4093 1272 4151 breviati
1301 4093 1420 4150 luissent
1451 4093 1511 4150 dies
1538 4092 1593 4162 illi,
1609 4109 1667 4150 uon
1691 4093 1771 4150 tieret
1796 4094 1878 4150 salva

1044 4183 1139 4240 omnis
1150 4197 1225 4252 caro,
1242 4203 1257 4232 a
1269 4182 1384 4254 quaudo
1400 4185 1428 4238 et
1458 4181 1526 4238 talia
1537 4185 1635 4254 totque
1661 4181 1727 4239 tieut
1743 4182 1875 4252 prodigia

1045 4272 1196 4340 mendacii,
1210 4292 1224 4321 ι
1240 4278 1271 4328 ut
1297 4271 1327 4327 io
1353 4287 1477 4328 errorem
1501 4271 1674 4328 inducantur
1694 4271 1728 4342 (si
1742 4271 1804 4328 lieri
1819 4289 1873 4342 po-

1045 4361 1209 4432 test),ctiam
1220 4361 1327 4417 electi?
1343 4382 1395 4412 a·
1407 4382 1422 4410 ιι
1436 4361 1504 4418 Steti
1520 4360 1765 4432 »igituninquiq«
1783 4376 1874 4430 super

1044 4467 1160 4507 arenam
1180 4450 1275 4518 maris,
1306 4471 1321 4500 a
1347 4450 1466 4506 dubium
1508 4457 1533 4506 et
1564 4449 1752 4521 periculosum
1786 4449 1872 4506 ratde

1043 4538 1209 4610 significans
1229 4544 1297 4594 tunc
1313 4537 1449 4609 temporis
1473 4543 1590 4605 statum,
1607 4538 1723 4610 quando
1738 4537 1822 4596 electi
1839 4541 1874 4594 et

1043 4636 1150 4686 stantes
1166 4627 1380 4695 vacillabunt,et
1395 4629 1559 4686 vacillantes
1578 4628 1703 4694 stabunt,
1720 4629 1786 4700 qula
1801 4643 1872 4685 cum

1042 4717 1103 4788 ipsa
1118 4715 1300 4774 tribulatione
1310 4716 1394 4788 sigua
1404 4716 1632 4782 videntes‚etiam
1649 4716 1703 4788 ipsi
1719 4715 1787 4787 quia
1802 4732 1873 4773 oum

165 4816 238 4872 que,
268 4803 344 4873 quod
366 4817 551 4875 veromegna
573 4803 668 4860 futura
691 4803 736 4872 sit,
767 4804 904 4861 Dominus
927 4805 988 4875 ipse
1042 4803 1232 4872 mirabuntur,
1265 4803 1391 4861 sedtiari
1420 4819 1479 4862 non
1504 4805 1608 4874 poterit
1636 4809 1667 4860 ut
1690 4805 1720 4861 in
1740 4819 1871 4862 errorem

164 4889 331 4960 gravissime
347 4897 467 4948 testatus
482 4892 577 4963 ert,ita
592 4895 623 4947 ut
637 4892 744 4948 diceret
758 4909 765 4948 r
779 4915 793 4942 ιι
806 4893 896 4949 Erunt
909 4894 986 4949 eninr
1043 4894 1229 4951 inducantur.
1246 4894 1341 4966 ltaque
1356 4901 1434 4952 stans
1448 4909 1532 4964 super
1546 4909 1660 4951 arenam
1676 4893 1780 4950 meris:

165 4979 226 5036 dies
241 4979 284 5036 illi
307 4970 505 5037 'tribulationis
532 4979 615 5048 tales,
631 4981 728 5052 quales
743 4997 801 5038 uon
823 4981 936 5038 luerunt
951 4981 986 5038 ab
1078 5004 1092 5033 ιι
1109 4982 1181 5050 Vidi,
1197 4981 1247 5048 ait,
1272 4981 1389 5038 damari
1413 4981 1532 5039 bostiam
1564 4983 1778 5040 ascendentem.
1796 5003 1811 5032 a
1827 4987 1874 5039 De

161 5067 504 5141 initiooreaturae,quam
534 5069 663 5126 condidit
693 5075 765 5128 Deus
795 5087 987 5142 usquenunc,
1044 5071 1325 5144 quomari‘iDeillo
1351 5071 1500 5141 nimirum,
1516 5071 1564 5130 cui
1579 5072 1684 5141 vaa,cui
1696 5072 1776 5129 iraet
1788 5087 1874 5130 aem-

164 5173 257 5230 neque
274 5157 467 5230 beuthottb.
496 5158 584 5230 xxiv),
599 5180 614 5210 ι
635 5163 706 5216 item
724 5177 731 5217 :
748 5182 763 5210 ι
792 5163 923 5232 surgent,
941 5163 985 5218 in·
1041 5162 1170 5232 piternus
1195 5159 1278 5217 ardor
1307 5160 1457 5231 gebenna,
1480 5161 1546 5232 quia
1568 5159 1711 5230 diabolus,
1736 5161 1873 5218 videlicet

161 5247 232 5318 quit,
249 5247 460 5317 pseudochristi
484 5255 511 5304 et
534 5247 798 5320 pseudoprophete,
826 5255 853 5304 et
879 5249 988 5306 dabunt
1041 5249 1138 5316 bestie,
1156 5261 1217 5320 quc
1230 5262 1308 5305 nunc
1323 5248 1605 5316 ascenderadicitor,
1620 5251 1655 5306 ad
1667 5249 1736 5304 illud
1749 5249 1873 5308 descen·

160 5335 243 5408 signa
263 5351 364 5408 magna
381 5341 409 5392 et
424 5335 602 5407 prodigiaita
619 5345 650 5392 ut
664 5338 694 5394 in
709 5354 834 5394 errorem
849 5339 987 5398 inducan·
1042 5339 1092 5406 dit,
1108 5337 1180 5394 sieut
1207 5351 1292 5408 supra
1313 5337 1422 5394 dictum
1435 5345 1487 5401 cst,
1508 5336 1558 5393 ubl
1572 5336 1657 5394 draco
1677 5336 1726 5393 iile
1744 5336 1781 5394 de
1795 5337 1875 5396 coelo

161 5428 206 5479 tur
224 5423 336 5492 (silleri
367 5423 480 5495 potest),
511 5425 696 5484 ctiameleoti
718 5427 852 5501 (ibidta
885 5427 988 5484 ticillo
1043 5429 1183 5498 projectus
1197 5425 1341 5483 laaretz«
1360 5429 1406 5485 Vc
1422 5431 1513 5496 terrea,
1531 5426 1653 5493 amari,
1668 5425 1733 5496 quia
1745 5426 1871 5484 descen-

164 5507 280 5566 bomine
299 5514 420 5582 pcccati,
437 5512 495 5568 tilio
525 5514 706 5584 perditionis,
734 5519 768 5574 de
782 5515 947 5574 extollentia
962 5524 986 5573 et
1041 5516 1083 5572 dit
1093 5512 1264 5572 diabulusad
1277 5515 1448 5584 maratana
1459 5515 1530 5571 irarn
1541 5530 1672 5586 magnam
1683 5513 1871 5589 lipomani„
