3962 6046
101 381 178 444 1201
449 383 656 448 COMMENT.
679 383 723 446 iN
744 380 1028 445 annuntietis.
1052 415 1090 427 —
1111 384 1186 446 ΗΒ.
1209 387 1277 450 ΧΙΙ.
1293 388 1380 450 ΟΑΡ.
1396 391 1475 454 xxi.
1728 399 1805 464 leot

101 517 163 575 lum
179 515 235 574 sibi
250 517 421 589 apparuisse
438 517 534 574 innuit
548 518 578 574 in
595 519 686 588 ligure
703 517 842 574 bominis.
860 537 875 568 u
891 517 925 572 lit
939 515 966 582 Α
980 515 1106 587 Spiritus
1122 531 1242 578 sanutus
1258 526 1403 596 contulit3
1421 527 1463 584 its
1488 536 1519 586 ut
1543 530 1573 588 in
1599 533 1807 594 distributione

100 610 164 664 erat
178 604 413 663 structuramuri
423 606 532 677 ejusea
544 607 775 680 lupideJaspide,
787 606 928 678 ipsavero
981 607 1152 678 gratiarum,
1169 627 1243 682 ques
1259 622 1433 686 acceperunt
1447 619 1522 674 miro
1534 621 1630 689 modo,
1642 624 1805 682 similitudo

100 696 204 752 civitas
218 711 323 752 aurum
341 695 486 752 mundum
498 695 683 754 similevitrn
697 694 928 754 mordentium
980 695 1147 768 dissimilis,
1163 707 1192 756 et
1205 701 1414 761 dissimilitudo
1430 707 1469 763 sit
1484 707 1600 778 similis,
1616 716 1646 767 et
1663 712 1805 770 habitudo

100 782 928 854 distinctionemssritmurietcivitatisdicendo,«elerst
981 787 1100 856 mentis,
1116 787 1337 850 siveinterioris
1362 793 1500 864 bominis,
1527 798 1577 854 ubi
1596 800 1712 858 christo
1736 806 1806 859 sunt

99 877 233 929 stnotorn
248 872 326 930 muri
339 888 374 928 ex
390 871 485 944 lapide
497 872 627 946 jaspide,
639 895 654 924 ιι
669 872 734 945 ipss
744 889 811 930 vero
825 871 928 928 civitas
980 873 1154 944 conllrmati,
1171 878 1200 933 in
1216 879 1305 937 nullls
1320 897 1421 938 eorum
1437 886 1557 942 omniuo
1573 889 1674 946 eadem
1690 891 1738 947 sit.
1768 893 1807 950 Da

97 977 205 1019 surum
218 962 374 1032 mundum,
385 961 507 1019 nornine
520 962 595 1019 muri
608 963 763 1032 tirmiores,
776 961 928 1034 magisque
981 963 1561 1045 nsturtslapidumsingulorumplerique
1570 977 1732 1035 studiosius
1742 995 1809 1036 con-

98 1050 242 1122 spirilalis
257 1049 398 1124 propositi
414 1051 535 1121 lidalna;
552 1051 679 1108 civitatis
691 1056 785 1108 sutem
798 1048 928 1123 appella·
978 1050 1036 1106 sori
1042 1058 1171 1122 pserunt,
1184 1056 1371 1128 singulorum
1384 1060 1576 1132 qualitalibus
1586 1065 1647 1122 sive
1659 1066 1807 1125 coloribus

98 1141 180 1197 tinne
196 1140 306 1212 plateas
319 1139 458 1210 civitatis,
470 1140 501 1196 id
515 1145 560 1198 est
570 1141 691 1198 laxioris
702 1143 777 1207 vilra,
788 1144 927 1196 mexlma·
980 1139 1193 1214 lepidumpene
1202 1146 1483 1221 singuladiligenter
1492 1153 1693 1212 assimilantes
1705 1157 1808 1213 merita

99 1245 156 1301 que
171 1228 283 1285 laiculis
298 1228 411 1286 ordinis
436 1227 658 1286 multitudinem
685 1229 849 1302 signilleut;
875 1243 930 1284 nen
980 1234 1159 1288 sannionum.
1176 1234 1314 1307 Sequitur
1327 1236 1424 1294 sdhun
1439 1257 1449 1296 .·
1465 1261 1480 1292 ιι
1497 1241 1531 1298 ltt
1545 1243 1699 1300 duodecim
1716 1251 1806 1316 porto

101 1317 212 1374 mirum
227 1316 306 1388 quod
321 1315 434 1389 plateas
445 1316 686 1374 cirilstissurum
700 1317 759 1374 lore
769 1317 927 1380 mundum,
981 1318 1134 1376 duodecim
1152 1324 1313 1395 margarite
1329 1331 1400 1382 sunt
1415 1330 1612 1402 persingulas
1629 1337 1658 1388 et
1682 1335 1805 1406 singulm

97 1406 158 1462 eive
173 1405 263 1461 sterni
279 1421 350 1461 auro
365 1405 475 1462 mundo
491 1405 642 1478 praedinat.
670 1406 795 1472 Addam,
823 1420 925 1461 nurum
981 1411 1069 1477 portes
1086 1415 1169 1466 erant
1179 1414 1347 1485 exsingulis
1360 1418 1537 1489 margaritis.
1550 1441 1565 1469 ιι
1575 1422 1719 1492 Apostoli,
1731 1423 1808 1478 sicut

96 1496 171 1552 illud
188 1496 231 1552 sin
248 1496 307 1552 lure
323 1496 469 1552 mundum
487 1501 519 1552 ut
534 1496 632 1553 simile
647 1496 685 1552 sit
706 1495 779 1552 vitro
805 1497 927 1566 mundo,
976 1494 1810 1580 jamdictuutest,etfundamentodicunturetportae,miro·

96 1586 167 1657 quie
182 1584 332 1642 ssecularis
349 1600 469 1657 qnoque
485 1584 549 1640 vitu
566 1583 699 1640 nonnulli
715 1591 782 1640 sunt
802 1584 926 1640 surnutis
980 1601 1035 1655 que
1046 1587 1132 1642 modo
1143 1589 1207 1645 elin
1220 1591 1418 1650 tunduutentis
1428 1597 1623 1667 pretiosorum
1636 1601 1805 1658 uotntnihus

96 1673 207 1746 compti
221 1673 390 1742 virtutibus,
406 1674 455 1745 qui
471 1679 499 1729 et
523 1673 649 1745 puritste
666 1674 780 1738 tuentis,
796 1677 825 1729 et
845 1674 926 1730 nodio
979 1673 1158 1745 lepidumst
1168 1677 1197 1732 iu
1210 1683 1301 1748 portis
1308 1684 1503 1753 pretiosarum
1514 1684 1633 1754 gloriosi
1645 1690 1807 1758 predican-

98 1763 214 1834 iulgant
229 1764 336 1836 operis.
357 1762 443 1828 Nam,
457 1762 507 1836 qui
532 1763 683 1821 veritatem
699 1762 766 1820 [idei
790 1761 925 1828 retinent,
979 1765 1027 1817 tur
1038 1763 1231 1823 similitudine
1241 1771 1467 1842 margaritarum
1481 1772 1573 1829 :5⁰8
1582 1774 1717 1832 Christus
1727 1780 1806 1834 enim

97 1858 176 1910 rente
190 1853 334 1911 mundum
350 1854 490 1909 dicuntur
504 1870 621 1920 aurum,
647 1855 717 1925 quia
744 1853 815 1910 fides
838 1867 927 1908 iturea
943 1879 966 1946 B
982 1849 1127 1920 pretiosus
1142 1851 1216 1925 lepis
1232 1861 1261 1912 nt
1276 1855 1402 1927 pretiosa
1416 1860 1585 1932 margarita,
1602 1877 1691 1933 quam
1705 1863 1806 1921 inven-

97 1940 191 1998 virlus
214 1946 269 2010 est,
294 1941 353 1997 imo
378 1945 408 1998 et
427 1958 499 1998 auro
524 1942 678 2013 pretiosior
702 1942 816 1998 dicente
845 1945 926 1996 Patro
981 1941 1042 1994 tem
1073 1941 1232 2012 negotietur
1259 1944 1376 2016 sapiens
1401 1947 1471 2004 emit
1497 1947 1601 2019 (batth.
1631 1953 1702 2023 ιιιι),
1728 1954 1805 2009 datis

95 2029 249 2102 spostoln:
266 2029 302 2086 Ut
317 2031 455 2101 prohelio
471 2037 572 2086 vestris
588 2031 655 2087 ildei
671 2029 763 2086 multo
775 2029 927 2100 pretiosior
980 2027 1119 2084 omnihus
1134 2030 1206 2099 suis,
1221 2031 1284 2104 ipse
1298 2035 1462 2092 conformes
1473 2035 1540 2092 illos
1552 2038 1661 2095 iaciens
1671 2041 1737 2110 sihi,
1749 2042 1804 2098 boo

95 2119 135 2175 sit
159 2135 241 2186 suro,
268 2120 345 2191 quod
371 2135 422 2192 per
447 2121 545 2192 ignem
571 2120 711 2192 probetur
733 2120 758 2191 ll
772 2121 845 2176 Pelr.
863 2121 893 2188 ι).
910 2139 924 2168 ιι
980 2117 1061 2175 dedit
1075 2120 1143 2190 illis,
1159 2128 1192 2178 ut
1206 2123 1235 2178 in
1248 2125 1521 2180 fondumentiselin
1534 2129 1625 2198 portis
1639 2132 1802 2202 margarite

95 2205 244 2273 Quisvero
258 2213 389 2264 sanctam
402 2208 811 2281 contessionemirequentant
823 2213 925 2280 elpen·
978 2207 1038 2264 sint
1053 2210 1176 2267 decoris.
1200 2212 1289 2268 Decor
1313 2229 1441 2286 numque
1464 2214 1526 2271 sive
1550 2216 1748 2288 pulchritudo,
1772 2227 1802 2276 at

94 2305 159 2354 coln
174 2314 228 2353 sua
243 2314 299 2354 non
319 2298 491 2370 detendunt,
507 2297 557 2354 sed
586 2297 752 2354 confitendo
778 2297 923 2369 aperiunt,
978 2296 1071 2368 gloria
1086 2304 1246 2370 portarum,
1258 2303 1528 2373 perquaesdillam
1544 2307 1687 2364 civitatem
1698 2326 1716 2365 a
1727 2325 1801 2380 qua·

93 2392 172 2443 recte
191 2389 269 2444 vitro
284 2389 394 2446 mundo
408 2387 506 2444 simile
521 2387 629 2444 dicitur
644 2386 698 2444 hnc
709 2404 826 2444 surum.
841 2388 923 2452 Quod
977 2389 1802 2467 tuormuodipartibusvenientesintroivimus,pulohrius

92 2475 118 2532 si
140 2475 211 2548 quid
228 2475 456 2548 reprehensibile
471 2476 567 2533 ndhnc
582 2476 610 2532 in
623 2477 667 2534 eis
677 2479 732 2544 est,
743 2477 921 2548 sperandum
976 2483 1025 2531 aut
1040 2479 1356 2552 convenientiusquam
1367 2485 1484 2541 nomine
1495 2485 1643 2557 velspacie
1656 2490 1799 2560 margari-

93 2569 141 2622 eet
155 2564 224 2636 quis
240 2573 303 2636 post
320 2565 522 2639 purgatorium
539 2565 636 2638 ignem
657 2565 802 2637 fulgidum
829 2567 922 2638 magis
977 2572 1071 2621 larum
1083 2566 1307 2638 signiticarinon
1318 2571 1675 2642 poluit.Nimirum,sicut
1693 2577 1801 2632 lamina

94 2654 221 2728 placebit
237 2655 291 2711 hon
307 2671 423 2724 surum,
441 2655 481 2710 its
496 2660 529 2710 ut
545 2659 639 2712 totum
653 2671 758 2712 eurum
780 2654 827 2724 sit,
852 2653 922 2726 quia
976 2653 1082 2710 nobilis
1099 2657 1233 2726 pretiosis
1247 2659 1385 2730 preculis
1399 2661 1579 2734 margaritis,
1595 2661 1670 2719 solet
1684 2667 1718 2719 all
1732 2680 1802 2720 ocu·

94 2745 172 2800 sicut
184 2743 222 2800 uit
233 2743 389 2814 Apostolus
401 2761 408 2799 :
421 2762 435 2792 a
446 2743 685 2817 Uniuscojusqne
695 2760 767 2816 opus
777 2742 920 2815 qunlnsit,
974 2742 1019 2796 los
1035 2742 1186 2800 hominum
1202 2745 1333 2817 gloriari,
1349 2749 1410 2806 viro
1422 2767 1476 2808 auo
1487 2752 1662 2821 subornata;
1675 2751 1717 2809 sio
1731 2751 1803 2809 civi·

92 2832 173 2904 ignis
189 2832 334 2904 probabit,
350 2833 403 2888 etei
419 2834 504 2904 cujus
520 2850 594 2905 opus
609 2833 724 2899 arserit,
740 2833 768 2889 id
784 2837 840 2898 est,
855 2847 919 2900 pec·
974 2833 1019 2886 tas
1031 2830 1081 2886 illa
1095 2848 1159 2904 quo
1173 2839 1218 2890 est
1233 2835 1371 2906 Ecclesia,-
1388 2839 1497 2896 talibus
1509 2840 1703 2912 principibus,
1712 2841 1803 2898 tantis

90 2927 189 2977 catum
206 2920 332 2978 solubile
348 2921 445 2988 luerit,
461 2921 524 2994 ipse
540 2920 641 2978 salius
660 2921 725 2989 erit,
753 2920 795 2976 sic
820 2924 918 2976 tameo
974 2920 1116 2992 putribus,
1136 2928 1196 2980 tem
1222 2923 1358 2996 gloriosis
1382 2929 1524 2999 apostolis
1549 2928 1668 3000 gloriari
1695 2934 1802 3002 polest,
1916 2985 1921 3004 ,

94 3010 180 3080 quasi
197 3027 247 3082 per
262 3010 357 3083 ignem
371 3011 395 3083 (l
409 3011 470 3068 Cor.
485 3017 538 3082 tu).
557 3031 571 3061 ιι
583 3009 739 3082 Sequitur:
973 3021 1081 3078 sponso
1096 3025 1150 3066 sun
1166 3010 1281 3068 Christo
1296 3015 1338 3070 sic
1353 3023 1456 3072 ornata
1473 3021 1506 3072 ut
1521 3031 1639 3086 sponsa.
1651 3014 1733 3073 Unda
1744 3017 1801 3073 sibl

126 3120 140 3148 ι
156 3099 669 3156 Fundamentsmuricivitalisomni
681 3098 777 3170 lupide
791 3098 918 3170 pretioso
972 3095 1109 3152 conscius
1123 3098 1232 3156 Psulus
1248 3102 1409 3172 apostolus,
1432 3120 1491 3160 uns
1518 3103 1647 3178 protento
1671 3119 1707 3160 ex
1732 3105 1798 3162 istis

92 3194 207 3244 ornata.
220 3188 456 3246 Fundamentum
474 3187 600 3260 primum
612 3187 729 3259 jaspis;
753 3187 916 3243 secundum
971 3185 1539 3260 portisaemperputantibus,Corinthiis
1549 3192 1714 3266 loquiturtr
1728 3193 1796 3251 Nem

90 3279 250 3351 sapphirus
263 3296 271 3348 ;
285 3278 401 3334 tertium
419 3276 628 3336 chalcedonius
638 3295 646 3347 ;
656 3282 793 3349 quertnm
804 3293 915 3333 amora·
972 3273 1066 3345 glorie
1081 3281 1177 3334 vestra
1191 3294 1244 3335 nos
1260 3295 1376 3346 sumus,
1393 3279 1469 3336 sicut
1483 3286 1512 3337 el
1525 3298 1576 3338 vos
1591 3287 1692 3339 nostra
1706 3283 1735 3338 in
1748 3281 1796 3340 dia

89 3369 166 3441 gdus
179 3369 334 3440 ;quintum
345 3368 489 3441 sardonyx
499 3385 506 3436 ;
518 3375 632 3424 sextum
644 3365 815 3435 sardonius;
828 3365 919 3438 septi·
974 3363 1088 3420 Domini
1103 3365 1195 3424 nostri
1209 3367 1279 3424 iesu
1294 3367 1400 3425 Christi
1415 3370 1437 3441 (l
1453 3370 1513 3427 Cor.
1529 3371 1561 3442 ι).
1579 3395 1590 3420 ι
1613 3373 1694 3436 Quod
1717 3373 1794 3428 idem

88 3473 170 3514 mum
181 3455 400 3530 chrysolithus;
416 3466 549 3514 octavum
559 3454 689 3528 beryllus
699 3475 707 3524 ;
718 3471 828 3512 nonum
841 3460 919 3527 tops·
972 3459 1019 3510 est
1030 3471 1063 3510 an
1078 3453 1103 3510 si
1119 3454 1246 3514 dicaret:
1263 3457 1358 3514 'lanta
1372 3459 1459 3515 nohis
1483 3459 1693 3518 ahsrismstum
1719 3462 1797 3518 dona

85 3547 170 3614 aius,
185 3546 329 3603 decimum
346 3545 557 3618 chrysoptasus
584 3545 775 3603 undecimum
801 3545 919 3618 hyacin·
973 3543 1100 3616 Spiritus
1115 3550 1234 3602 sanctus
1249 3547 1382 3614 eontulit,
1394 3553 1508 3606 tontum
1521 3555 1637 3621 lamque
1649 3551 1797 3607 fructuosa

87 3632 921 3708 tus;duodnnimumsmetbystus.»Fundamentscivita-
974 3633 1126 3690 nobiscum
1142 3643 1258 3706 operate
1279 3641 1324 3693 est
1347 3636 1442 3710 gratia
1467 3637 1529 3704 Dei,
1555 3641 1588 3694 ut
1610 3643 1685 3695 rante
1711 3637 1794 3695 vobis

92 3725 145 3790 tis,
160 3721 309 3794 sicutjsm
326 3723 438 3778 dictum
454 3721 635 3794 ast,spostoli
651 3728 755 3789 sunt«
774 3720 920 3794 quiamu-
973 3723 1128 3779 adversum
1146 3724 1405 3796 pseudoapostolos
1421 3725 1506 3783 lineut
1525 3727 1641 3792 gloriari
1665 3743 1717 3799 pro
1742 3744 1797 3784 no-

90 3829 143 3868 rus
158 3811 295 3883 civitatis,
307 3811 347 3866 ait
362 3811 509 3884 superius,
522 3811 633 3868 habens
645 3811 835 3866 fundamenta
847 3810 918 3866 duo·
973 3816 1032 3872 his.
1052 3813 1250 3870 Nihilominus
1265 3816 1343 3885 quod
1359 3832 1427 3872 cum
1440 3816 1574 3882 dixisset,
1590 3837 1605 3866 ιι
1621 3832 1689 3872 nam
1705 3815 1799 3888 gloria

91 3902 236 3969 decimet
249 3901 279 3957 in
291 3899 364 3972 ipsis
376 3899 529 3957 duodecim
541 3899 672 3964 nomina,
686 3899 840 3955 duodecim
852 3914 919 3967 apc-
973 3909 1068 3960 uostru
1084 3917 1136 3956 nou
1152 3915 1267 3966 sumus,
1281 3921 1296 3952 ιι
1312 3902 1485 3972 subiunxit:
1501 3923 1515 3952 ιι
1532 3902 1609 3957 siout
1624 3906 1652 3958 et
1671 3918 1722 3958 vos
1745 3919 1798 3958 no·

89 3991 231 4048 stolorum
248 3994 276 4046 et
291 3990 374 4062 ngni.
395 4011 409 4040 ιι
426 3989 496 4045 ilcoe
509 3992 606 4044 sutem
620 4004 707 4060 quam
720 3986 839 4060 pulchre
850 3991 920 4042 sunt
974 3996 1047 4050 stra,
1065 4011 1079 4040 ι
1096 3988 1155 4046 lloa
1171 3988 1245 4044 hene
1269 3994 1356 4060 atqua
1380 3995 1577 4046 consonanter
1599 4005 1726 4061 prosena
1750 3989 1798 4045 ιιι.

89 4081 287 4137 iundamenta
303 4078 374 4146 boec,
385 4094 474 4150 quem
487 4075 602 4150 pulchri
616 4075 728 4149 lapides
740 4073 921 4146 isti,lspides
974 4085 1037 4136 tero
1061 4079 1210 4152 praedicnt,
1235 4077 1283 4132 uhi
1309 4077 1478 4148 premisso:
1495 4099 1510 4129 ιι
1526 4082 1555 4133 et
1579 4076 1700 4143 singule
1730 4093 1798 4148 por-

88 4169 196 4239 saneti,
212 4167 275 4240 qui,
291 4167 409 4239 quando
422 4165 612 4222 volvebantur
622 4182 710 4238 super
721 4171 840 4232 terrem,
851 4181 919 4220 non·
975 4175 1011 4225 tn·
1026 4174 1108 4224 erant
1122 4184 1157 4224 es
1171 4165 1295 4238 siugulis
1309 4165 1507 4238 margaritis,»
1519 4165 1659 4223 continuo
1671 4164 1798 4236 subjun-

86 4251 921 4330 tampttbttesvtdebanturdivitibusbujusoecultltaqua
974 4259 1069 4331 gitur:

87 4349 167 4405 enim
184 4344 371 4418 pulchritudo
393 4344 511 4400 illorum
538 4348 609 4400 tunc
633 4345 750 4416 petebat
771 4342 801 4398 in
826 4341 919 4398 oculis
1010 4369 1025 4398 ιι
1043 4345 1075 4401 lit
1092 4344 1190 4415 plotus
1206 4342 1332 4398 civitatis
1352 4357 1456 4398 aurum
1483 4342 1625 4399 mundum
1654 4349 1795 4415 tanquam

89 4437 256 4498 hominum,
273 4434 391 4506 quando
407 4432 607 4488 tundebantur
621 4437 649 4488 et
664 4431 914 4504 percutiebantur,
974 4436 1082 4492 vitrum
1100 4432 1294 4506 perlucidum.
1309 4457 1319 4479 ·
1333 4432 1388 4488 Sed
1398 4432 1680 4504 etsupradinturus:
1693 4455 1707 4484 ιι
1720 4436 1795 4488 Fun.
1909 4483 1916 4491 ,

89 4527 141 4583 soti
156 4526 185 4580 iu
195 4522 287 4580 oeulis
297 4521 415 4578 Domini
428 4520 542 4594 pulchri
551 4525 643 4586 erunt.
655 4531 686 4576 ut
698 4521 791 4594 magis
802 4519 917 4590 pulchri
976 4526 1112 4581 dumento
1124 4519 1197 4576 muri
1206 4519 1771 4592 civitatisntnnilapidepratiusoornnts,
1780 4543 1794 4572 ιι

88 4617 201 4679 fierent,
219 4611 457 4683 percussionibus
470 4609 694 4666 tribulationum
706 4608 915 4681 polliebantur.
933 4605 956 4672 [i
974 4611 1131 4686 premisit:
1147 4629 1161 4661 ι
1176 4609 1210 4664 lit
1224 4616 1285 4665 eret
1300 4613 1445 4666 structura
1461 4613 1534 4666 nturi
1551 4612 1616 4682 ejus
1639 4627 1672 4666 er
1696 4611 1795 4682 iapida

90 4705 153 4763 lllic
167 4701 354 4758 pulchritudo
365 4699 522 4756 etuleritee
533 4699 650 4756 illorum
660 4697 919 4754 mnniiestaomni·
972 4701 1160 4774 jaspideipsu
1176 4713 1241 4754 vern
1255 4697 1357 4754 civitas
1372 4715 1476 4756 aurum
1489 4701 1630 4757 mundum
1642 4700 1740 4756 simile
1751 4701 1793 4754 vi-

90 4795 147 4850 bus
163 4793 206 4848 est
221 4797 249 4847 et
264 4789 329 4858 erit,
346 4789 386 4844 ita
403 4793 435 4844 ut
459 4789 635 4860 quandoque
663 4788 793 4843 videntes
817 4786 920 4840 dicent
974 4797 1018 4848 tro
1034 4790 1155 4846 mundo.
1165 4808 1179 4838 ιι
1192 4787 1431 4859 lgiturveraciter
1441 4813 1455 4840 ιι
1466 4789 1558 4860 glorie
1568 4793 1673 4856 restra,
1687 4787 1794 4856 inquil,

91 4881 174 4952 impii
189 4897 196 4937 :
214 4901 229 4930 ιι
244 4879 276 4932 Hi
290 4881 357 4934 sunt
373 4893 446 4949 quos
458 4875 618 4948 uliqusndo
631 4875 791 4931 habuimus
802 4873 830 4928 in
842 4874 918 4930 deri·
974 4897 1029 4937 nns
1044 4895 1158 4944 turnus,
1175 4876 1253 4932 sicut
1268 4883 1296 4932 et
1312 4893 1360 4932 ros
1381 4884 1490 4945 nostra,
1509 4899 1522 4926 ιι
1545 4877 1574 4932 id
1599 4884 1654 4941 est,
1678 4874 1798 4946 gloriari

90 4987 172 5036 sitm.
187 4975 216 5024 θῑ
229 4969 258 5023 ῑιὶ
275 4965 501 5024 &militudinem
520 4964 699 5036 improperii,
711 4979 763 5020 ¹10¹
778 4961 920 5018 intentati
975 4969 1058 5026 vohis
1074 4969 1142 5025 licet
1157 4968 1192 5022 dn
1208 4965 1312 5022 colluto
1327 4965 1522 5037 noltisgratie,
1538 4971 1568 5020 et
1584 4965 1668 5021 tronis
1683 4964 1797 5029 dalide,

90 5065 181 5121 vitem
194 5060 310 5116 illorum
322 5053 923 5120 aestimabamusinsaniaru,ettlne1uillo
976 5060 1011 5114 du
1025 5058 1244 5114 conversatione
1255 5059 1348 5110 vestra
1364 5060 1462 5110 nostro
1475 5053 1573 5109 lubore
1587 5059 1680 5125 ports,
1701 5068 1754 5109 nen
1768 5053 1799 5106 ln

93 5170 160 5211 rum
177 5149 239 5206 sine
262 5147 369 5204 honore
389 5145 464 5217 (Sep.
482 5146 520 5218 ν),
537 5169 547 5196 ι
574 5143 724 5212 Quomodo
749 5159 818 5216 ergo
842 5159 923 5198 coru·
977 5147 1132 5203 alterutros
1142 5142 1738 5206 nobisindecoresantindeonnlassumus,
1751 5139 1800 5196 sed

93 5241 186 5317 putati
202 5243 267 5296 sunt
282 5237 358 5293 inter
368 5233 443 5291 filios
453 5234 515 5306 Dei,
527 5241 556 5290 el
567 5235 643 5290 inter
653 5239 771 5291 sanctus
783 5251 848 5290 sors
858 5232 923 5290 illn-
976 5237 1055 5292 sicut
1070 5249 1171 5290 muros
1190 5229 1355 5310 esjaspide,
1371 5229 1413 5284 vel
1429 5228 1575 5286 civitatem
1590 5245 1723 5296 surasm,
1736 5231 1801 5284 iun-

92 5349 157 5388 rum
169 5335 213 5386 est
223 5327 237 5383 i
247 5327 403 5394 Nimirum,
418 5323 495 5380 sicut
508 5324 623 5396 lepidos
636 5323 682 5380 isti
694 5341 795 5379 omnes
809 5323 921 5394 pulchri
977 5327 1115 5382 (lamenta
1129 5322 1267 5378 deessent
1283 5317 1407 5390 [decent]
1423 5321 1547 5372 exomni
1561 5319 1690 5390 pretioso
1703 5317 1803 5388 lapide

90 5428 119 5478 el
135 5417 343 5493 pretiosisunt,
357 5416 477 5470 diverse
490 5420 588 5470 tanuen
603 5414 829 5486 pulchritudine,
840 5415 882 5468 ita
892 5417 923 5468 ut
977 5419 1091 5480 urnula,
1106 5409 1292 5468 sioutitidem
1306 5423 1423 5462 sursum
1433 5405 1580 5462 civitatem
1594 5413 1804 5478 portesxmar·

92 5509 193 5568 nullus
208 5521 311 5562 eorum
331 5503 382 5560 ulli
394 5503 444 5560 alii
455 5505 624 5560 sitnmnlnn
635 5503 740 5560 similis
753 5520 760 5560 t
773 5497 921 5558 itnseunti
977 5505 1079 5577 gurilis
1095 5495 1311 5562 condecentem
1327 5496 1465 5566 populum
1482 5494 1680 5550 Christianum
1696 5495 1802 5550 conde·

91 5592 454 5673 spostoliomnnsquidem
465 5594 562 5666 inclyti
573 5598 678 5648 suntet
686 5589 816 5662 gloriosi,
826 5591 919 5646 diver·
978 5596 1059 5650 corut
1074 5588 1255 5663 principatus
1266 5583 1481 5656 apostulorum,
1493 5585 1562 5642 item
1575 5583 1702 5641 vicissim
1714 5583 1801 5640 tentis

94 5707 127 5748 sa
142 5693 241 5745 teuton
259 5682 352 5758 glorio
367 5687 454 5755 prout
468 5681 573 5752 cuique
588 5680 801 5754 superveniens
825 5681 854 5736 in
874 5696 924 5735 eus
977 5673 1464 5754 apostolisnunindecunsesttalls
1475 5673 1712 5749 populiprnlileri
1722 5671 1801 5746 prin·
