3992 6048
117 311 179 373 roi
654 297 855 370 comburit.
878 299 917 370 iri
937 301 1047 371 ioan.
1071 346 1109 359 -
1131 306 1193 377 Liri
1228 311 1281 379 xi.
1771 311 1830 376 roe

117 442 349 502 lesiialncioia
368 445 469 509 tmen,
488 437 763 514 amendieovobis,
782 441 832 513 qui
858 440 1064 510 oreditAnon
1090 447 1204 518 petistis
1236 441 1411 522 quidquam,
1430 444 1459 504 in
1492 445 1610 505 nomine
1639 466 1714 508 mco.
1750 454 1830 505 'iuno

120 536 155 592 in
173 553 228 604 mc,
244 549 411 606 operaque
427 549 480 605 ego
496 531 581 598 lanio,
597 531 703 604 etipse
723 532 820 602 laniet,
836 535 864 588 et
889 549 950 588 ma·
1003 537 1105 594 sancto
1129 539 1238 611 Spiritu
1263 539 1357 597 edocti
1381 535 1512 596 veritatis
1537 540 1654 613 petatis,
1679 539 1829 597 dicantes:

117 627 189 698 jora
204 623 310 680 hurum
328 621 413 680 locist
428 623 497 694 quia
512 639 565 696 ego
580 621 654 679 redo
670 621 707 678 ad
718 624 841 678 Putrem:
854 643 868 674 ιι
880 621 950 679 boec
1004 625 1135 699 Domine,
1152 629 1274 687 ostende
1290 629 1375 686 nobis
1386 625 1540 685 Patremin
1553 629 1646 702 teipso
1661 629 1827 702 etteipsum

121 715 187 772 baee
202 713 265 787 ipsa
281 711 371 770 verba
387 729 453 785 quse
468 725 545 768 nuno
561 712 676 786 loquor,
687 711 803 770 dicens:
816 735 830 766 c
845 711 948 784 tmen,
1002 713 1031 771 lu
1041 720 1125 774 Patra
1138 721 1198 786 tuo,
1210 723 1238 775 et
1248 717 1445 791 quodcunque
1457 719 1499 774 sie
1511 717 1664 792 petieritis,
1676 715 1827 790 quodcun-

121 821 211 861 nman
227 803 291 860 dico
306 801 401 874 vobis,
417 801 468 875 qni
486 801 578 858 eredit
592 801 621 857 ln
642 819 699 868 me,
713 819 799 875 opera
818 819 881 874 qua
896 817 948 874 ego
1001 821 1056 874 quc
1072 803 1288 878 postulaveritis
1303 800 1331 863 in
1349 803 1532 864 consessione
1548 802 1676 864 nominis
1688 807 1755 874 mei,
1768 807 1826 862 soi-

121 895 211 966 iaoio,
238 897 266 949 at
290 891 353 964 ipse
380 891 477 958 saciet,
502 911 516 942 ιι
540 891 725 964 postmodum
750 889 841 946 visuri
867 890 948 960 asiis,
1002 890 1069 949 itaet
1080 893 1131 951 filii
1152 892 1202 952 Dei
1219 897 1248 952 ct
1261 892 1420 954 salvatoris
1436 895 1523 952 vestri
1538 893 1604 968 (troo
1625 895 1702 952 onim
1720 911 1828 952 nonrsu

121 989 223 1041 utrum
240 999 256 1038 o
272 981 386 1055 meipso
402 981 515 1054 loquor,
533 977 562 1037 ld
585 983 639 1050 esi,
662 981 697 1036 de
721 981 837 1054 proprio
862 981 950 1038 eorde
1002 999 1100 1040 meum
1116 989 1170 1053 ssi,
1187 983 1216 1043 et
1227 987 1255 1043 lu
1271 979 1326 1043 boo
1338 978 1457 1042 nomine
1470 983 1579 1057 petitis,
1591 984 1705 1057 quoties
1716 1001 1823 1057 caque

119 1069 290 1142 contingam
306 1071 409 1128 ellectu
425 1071 562 1138 caritura,
580 1087 616 1127 an
629 1069 949 1141 permanentePstrein
1001 1067 1105 1130 astutis
1121 1077 1200 1142 sunt,
1216 1071 1352 1148 petilini«
1370 1073 1424 1131 troo
1439 1073 1557 1140 luciam,
1574 1077 1606 1130 ut
1619 1073 1702 1130 Pater
1714 1071 1826 1147 glorifi-

122 1177 183 1232 me,
205 1159 302 1234 palam
319 1159 392 1216 fient
406 1161 487 1216 omni
504 1159 612 1215 munde
628 1161 719 1230 teste;
735 1159 815 1216 omni
828 1158 948 1231 mondo,
1001 1165 1083 1218 cetur
1098 1161 1126 1219 ln
1142 1162 1223 1232 Filio,
1241 1168 1274 1220 ut
1289 1162 1461 1220 ostendatur
1475 1157 1553 1218 rebla
1568 1159 1691 1218 Pateria
1704 1159 1824 1234 meipso.

121 1249 209 1322 quusi
227 1242 949 1322 adspectaculumlctisanimaramsusrumcur·
1000 1255 1079 1308 Turro
1102 1253 1209 1310 etenim
1235 1271 1296 1322 ros,
1322 1247 1371 1326 qul
1396 1251 1482 1310 modo
1506 1249 1605 1309 dicitis
1625 1269 1662 1308 :a
1694 1251 1828 1316 Domine,

121 1339 245 1396 sibosin
257 1354 344 1395 unam
359 1339 445 1395 fldem
459 1337 950 1396 norninismeiconcurrentellicat
1000 1339 1121 1399 ostonde
1137 1339 1219 1399 nobis
1237 1343 1362 1413 Patrem,
1377 1341 1405 1400 et
1429 1341 1539 1399 anilloit
1563 1341 1661 1410 nobis,
1677 1363 1691 1392 n
1717 1339 1824 1397 Filium

123 1427 254 1502 aliquis:
273 1427 436 1496 Quomodo,
453 1421 497 1484 rel
519 1427 549 1483 in
564 1443 623 1500 que
640 1430 761 1499 majora,
780 1429 831 1500 qui
857 1428 949 1486 credit
1000 1433 1192 1506 cognoscetis,
1207 1437 1236 1489 ct
1251 1433 1452 1506 eognosccndo
1476 1431 1592 1498 Filium,
1613 1432 1726 1488 Putrem
1752 1448 1825 1503 quo·

123 1521 157 1576 in
173 1523 201 1575 te
217 1517 301 1574 lucini
315 1535 404 1591 opere
418 1517 432 1573 ‘i
446 1528 580 1589 (laenam
597 1519 721 1591 possunt
732 1533 794 1575 csse
810 1513 949 1591 maiora?
1000 1537 1057 1592 qus
1073 1521 1265 1594 cognoscetis.
1283 1513 1325 1578 lta
1341 1534 1409 1594 ergo
1426 1517 1651 1594 glorificabitur,
1677 1512 1718 1574 its
1742 1517 1826 1575 vobis

122 1611 167 1666 Ad
184 1611 244 1666 hmo
260 1611 400 1682 inquam:
417 1609 488 1665 ilcee
503 1621 566 1680 ego,
584 1610 615 1663 ut
631 1611 741 1665 tueesm
757 1611 869 1682 caetera,
886 1627 949 1682 quse
1000 1612 1145 1686 gloriosus
1168 1611 1338 1672 ostendetur
1363 1616 1448 1670 Pnicr
1471 1613 1502 1669 in
1528 1611 1611 1680 Filio,
1639 1616 1667 1668 et
1691 1609 1829 1668 videbitis

124 1701 258 1756 lecturus
274 1703 327 1766 cst,
345 1699 393 1771 qui
410 1693 502 1756 credit
519 1697 548 1755 tri
564 1713 620 1768 me,
638 1691 877 1756 lortadobitabili
893 1717 950 1757 rna·
1000 1719 1077 1771 eum,
1095 1719 1172 1760 nune
1188 1695 1307 1776 quidem
1324 1701 1393 1760 dum
1411 1698 1506 1760 adbuc
1519 1702 1548 1759 in
1562 1701 1672 1758 mondo
1682 1699 1765 1769 estis,
1779 1717 1829 1770 per

118 1790 242 1862 joritnle
257 1786 396 1862 operibus
413 1783 484 1844 ineis
505 1783 693 1861 preferenda.
715 1784 801 1844 Verbi
829 1787 947 1862 gratia:
966 1807 990 1874 B
1006 1793 1157 1866 speculum
1174 1797 1202 1850 ei
1217 1787 1246 1849 in
1262 1789 1427 1866 enigmate,
1449 1793 1477 1848 et
1491 1789 1670 1863 cognoscetis
1685 1805 1720 1846 ex
1732 1791 1827 1862 parte,

124 1879 215 1945 Quale
231 1883 276 1935 est
292 1879 320 1935 ln
337 1875 442 1950 plateis
460 1873 668 1950 panlintirmos
680 1878 709 1934 in
723 1877 851 1949 lectulis,
863 1883 949 1935 utve·
1004 1887 1104 1955 postca
1119 1898 1186 1939 vcro
1201 1883 1380 1953 cognoscetis
1405 1881 1481 1938 sieut
1505 1885 1533 1937 et
1557 1879 1666 1952 cogniti
1693 1876 1774 1946 estis,
1801 1886 1828 1935 et

124 1971 223 2025 niente
239 1966 300 2035 itte,
316 1967 366 2040 qui
381 1965 471 2023 credit
486 1965 515 2023 in
533 1983 579 2022 me
594 1965 663 2040 (Act.
681 1965 720 2042 r),
732 1966 835 2024 saltem
846 1967 951 2024 umbra
1003 1969 1074 2027 lucie
1089 1971 1126 2026 ud
1143 1969 1243 2026 lactem
1259 1964 1456 2028 desideratum
1467 1969 1496 2025 in
1507 1965 1578 2026 llilie
1591 1973 1706 2025 Patrem
1720 1967 1829 2023 videbi-

124 2057 205 2114 illius
221 2057 378 2114 obumbret
393 2071 573 2130 quemquem
589 2053 719 2128 illorum,
736 2061 763 2113 et
789 2055 951 2114 liberantur
1002 2059 1037 2116 iis
1055 2061 1081 2131 (i
1094 2059 1154 2116 Cur.
1170 2065 1243 2129 xor).
1262 2059 1330 2128 tlon,
1350 2057 1481 2132 loquum,
1502 2057 1605 2114 luciam
1634 2053 1660 2113 si
1686 2055 1827 2128 petieritis

123 2149 161 2205 ab
177 2145 400 2204 infirmitatibus
414 2145 487 2214 suis,
506 2149 547 2210 nt,
571 2146 703 2218 inquam,
721 2147 757 2203 da
779 2141 950 2218 hujusmodl
1001 2150 1116 2206 Patrem
1132 2148 1161 2204 in
1178 2147 1296 2205 nomine
1313 2163 1387 2205 mee.
1404 2171 1418 2198 a
1431 2142 1460 2204 Si
1473 2145 1543 2220 quid
1554 2143 1698 2219 petieritis
1711 2147 1825 2200 Patrem

126 2245 250 2307 taccam,
267 2252 333 2293 ecee
349 2235 413 2292 dieo
439 2234 539 2292 vobis:
565 2233 623 2310 Ego
647 2233 784 2307 saluteris
811 2235 951 2293 doctrinas
1002 2237 1031 2292 in
1049 2236 1164 2293 nornine
1180 2249 1254 2305 meo,
1270 2237 1325 2294 hue
1341 2237 1455 2294 loeium.
1472 2257 1487 2287 ιι
1505 2229 1567 2294 Non
1582 2251 1643 2303 vos,
1658 2251 1752 2306 neque
1763 2229 1826 2290 illo·

126 2343 260 2384 sormuno
277 2343 335 2382 una
347 2331 461 2382 tontum
474 2323 586 2399 lingua,
603 2323 722 2382 Hebraei
732 2321 880 2383 scillcetin
894 2343 950 2382 una
1003 2343 1068 2382 rum
1085 2343 1270 2397 quemquam,
1296 2325 1346 2398 qni
1371 2343 1422 2398 per
1445 2341 1496 2382 vos
1514 2320 1650 2380 credituri
1677 2325 1755 2393 sont,
1779 2319 1827 2377 hic

124 2421 243 2473 tuntum
261 2419 346 2488 genio
362 2415 429 2487 ista,
446 2427 503 2471 non
526 2414 610 2471 valde
635 2432 740 2486 magna
763 2413 898 2488 predico,
923 2419 952 2472 et
1002 2431 1080 2472 error
1097 2414 1232 2482 involvat,
1250 2419 1281 2470 ut
1297 2415 1377 2485 potet
1393 2413 1434 2470 sio
1450 2429 1567 2470 curnem
1580 2407 1741 2468 orationem
1759 2411 1827 2466 diri·

127 2505 322 2580 paucissimus
337 2521 370 2561 cx
385 2505 427 2561 eis
443 2509 588 2562 converto.
605 2505 662 2561 Vos
679 2509 771 2562 autem
785 2503 835 2578 qui
857 2505 951 2562 eradi·
1002 2506 1128 2578 gencium
1144 2521 1208 2561 esse
1224 2497 1260 2560 ad
1283 2505 1403 2573 Patrem,
1421 2519 1472 2575 per
1487 2519 1533 2557 me
1551 2499 1699 2559 Christum
1720 2497 1826 2555 iulium

127 2597 166 2653 tis
182 2595 212 2651 in
229 2613 283 2658 mc,
302 2595 490 2668 postmodum
507 2599 606 2652 sancio
622 2593 731 2666 Spiritu
748 2600 878 2668 accepto,
893 2595 951 2651 tin·
1002 2593 1077 2666 cjus,
1094 2601 1123 2650 ut
1139 2592 1176 2650 ad
1192 2607 1345 2664 porsonam
1361 2590 1425 2648 ltilii
1440 2590 1553 2648 nnllam
1565 2589 1670 2646 debere
1681 2585 1766 2662 dirigi
1779 2605 1827 2644 au-

127 2685 194 2757 guis
210 2683 497 2752 omnibus,umnium
510 2683 617 2756 quippe
628 2683 657 2740 in
669 2687 820 2740 orevestro
832 2701 952 2742 nascen-
1003 2683 1142 2756 opinetur.
1159 2681 1232 2740 Nom
1248 2685 1276 2739 et
1290 2702 1305 2736 a
1322 2683 1517 2753 quodcunque
1542 2677 1684 2753 petieritis
1709 2677 1826 2734 Patrem

122 2781 171 2830 iar
186 2789 293 2847 genera
307 2773 494 2845 lingunrnm;
517 2769 666 2842 omuibus,
688 2771 822 2844 inquom,
843 2769 952 2846 linguis
1004 2772 1033 2828 in
1051 2771 1261 2837 neminemne,
1279 2769 1334 2826 boe
1350 2768 1465 2826 inciam.
1484 2791 1498 2820 ιι

122 2863 250 2920 ιωΙιιεῑὶε
267 2863 417 2937 sapientie
433 2875 598 2920 sermonem
614 2860 728 2919 eunetis
749 2861 886 2936 gentibus
907 2861 951 2920 lo.
1042 2882 1056 2910 o
1072 2858 1106 2917 lit
1121 2860 1145 2916 si
1161 2859 1231 2932 quid
1250 2853 1392 2930 petieritis
1409 2875 1456 2914 me
1476 2857 1506 2912 in
1532 2853 1649 2914 nemine
1675 2873 1748 2924 mse,
1773 2853 1827 2912 boe

123 2951 266 3025 quemint,
284 2949 333 3024 qul
351 2947 440 3009 eratis
457 2951 590 3008 homines
604 2947 711 3018 idiotes,
728 2953 756 3008 at
771 2951 835 3008 sine
846 2951 952 3008 litteris
1005 2951 1120 3008 loeium.
1138 2973 1152 3002 >›
1168 2949 1234 3007 llaee
1249 2951 1284 3006 do
1298 2947 1607 3007 consubstantialitate
1620 2947 1711 3003 Patris
1724 2956 1750 3002 et
1763 2947 1828 3002 iiiiii

121 3043 190 3116 (ici.
210 3053 259 3113 ιν),
276 3045 305 3098 ct
316 3039 562 3098 innumerabilem
575 3039 686 3097 cunctis
698 3041 836 3114 gentibus
852 3039 953 3099 mutti—
1005 3039 1078 3097 dixit
1089 3040 1152 3113 ipse
1163 3035 1254 3096 Filius
1264 3031 1370 3107 tisind
1382 3031 1586 3109 corrigendum
1598 3053 1718 3092 sensum
1731 3034 1828 3106 ilium,

122 3130 256 3188 tudinem
274 3133 423 3188 iroetoeso
439 3127 538 3187 labore
553 3125 582 3186 ln
600 3131 739 3186 eternam
756 3130 879 3186 salntem
896 3147 946 3186 ue·
962 3169 984 3241 c
1005 3125 1347 3200 quodixeiatl'bilippus
1359 3144 1365 3182 :
1379 3149 1392 3176 o
1405 3125 1535 3194 bomine,
1546 3121 1667 3179 ostendo
1678 3118 1762 3178 nobis
1776 3120 1828 3178 Pa-

121 3222 256 3294 quireiis.
272 3243 285 3271 o
305 3221 379 3294 tingo
394 3216 443 3292 qul
460 3219 553 3276 eredit
567 3219 596 3275 ln
612 3235 668 3285 mc,
693 3235 783 3292 epora
806 3236 868 3293 qum
893 3235 946 3292 ego
1005 3223 1090 3284 irem,
1107 3221 1134 3272 ei
1149 3212 1259 3272 suidcit
1275 3209 1370 3272 nubis.
1388 3237 1402 3265 »
1416 3211 1498 3273 Nrrne
1509 3213 1543 3269 nd
1555 3213 1715 3284 inemptum
1730 3227 1826 3268 rever·

122 3313 207 3381 tucio,
221 3317 249 3366 et
265 3311 328 3384 lpse
344 3305 438 3381 iactet,
455 3311 483 3366 et
498 3307 722 3382 majornborum
733 3309 827 3366 iactet.
841 3332 855 3360 ιι
867 3307 948 3367 Unde

122 3415 188 3458 vero
206 3401 261 3456 boo
277 3394 320 3455 illl
336 3400 384 3471 qui
395 3397 486 3455 eredit
500 3397 527 3454 in
539 3415 596 3469 me,
607 3399 637 3453 nt
648 3399 730 3455 tanta
740 3397 826 3455 lucini
838 3397 852 3454 ‘l
863 3393 948 3454 Vide-

123 3491 189 3548 tieci
205 3489 276 3562 qula
298 3487 334 3545 ud
355 3489 471 3545 Patrem
496 3489 578 3544 reio.
604 3485 657 3544 l’er
681 3488 737 3545 boo
762 3487 839 3544 enim
868 3481 947 3562 quod

120 3585 238 3637 transeo
256 3595 290 3636 ex
304 3577 359 3635 huc
375 3579 484 3636 mundo
499 3595 533 3634 ex
548 3577 674 3646 Patrem,
693 3577 786 3634 lacius
802 3575 949 3651 provehis

119 3669 160 3726 illl
170 3669 310 3727 obediens
323 3685 414 3742 usque
427 3667 460 3724 ad
471 3671 731 3740 moriem,mortsm
743 3673 841 3726 nutem
853 3670 950 3728 erneis

120 3759 239 3832 (Philip.
257 3757 290 3830 11)
305 3777 312 3829 ;
330 3781 344 3809 ιι
361 3755 492 3832 puchou,
509 3753 641 3830 inquam,
655 3757 716 3826 ilci,
733 3764 765 3816 nt
779 3776 829 3816 vos
842 3761 948 3817 remia-

121 3850 236 3906 sienem
265 3847 657 3921 peecatorum-occipientss,
683 3846 808 3904 oliorum
831 3867 949 3922 quoque

122 3943 241 4010 peccata
256 3937 403 3993 remittere
421 3935 550 4010 possitis.
569 3937 599 3990 In
618 3929 682 4009 ipsa
708 3935 819 4010 quippe
846 3941 949 4010 morte,

119 4043 177 4099 qua
193 4028 270 4084 vnde
285 4027 321 4082 ad
336 4025 461 4096 Patrem,
478 4041 530 4082 vos
545 4022 639 4081 eidem
657 4025 732 4082 i'otri
748 4024 806 4082 Deo
818 4025 949 4083 reconci-

120 4115 275 4180 liabimini,
292 4121 320 4172 ct
333 4121 403 4171 tone
417 4112 580 4171 induemini
593 4111 699 4173 virtute
723 4133 757 4170 ox
786 4115 846 4172 aito
871 4115 948 4190 (tuc-

120 4209 208 4279 xxiv),
225 4213 258 4262 ut
273 4205 322 4260 ilat
337 4205 415 4277 quod
427 4205 570 4277 scriptum
596 4207 660 4259 est:
677 4230 690 4261 ι
714 4201 785 4260 lei
811 4205 951 4261 enarrant

118 4295 244 4368 glorium
260 4293 324 4358 Dei,
341 4297 369 4349 et
384 4309 474 4366 opero
490 4307 609 4348 tironum
627 4289 692 4363 ejus
713 4293 875 4350 annuntiat
898 4293 950 4350 ilr-

119 4387 313 4441 mamentum.
323 4379 385 4438 Non
395 4384 465 4438 sunt
475 4377 596 4454 loquelas
609 4394 870 4454 nequesermoncs,
880 4399 947 4455 qun·

1003 3303 1084 3374 titur,
1100 3309 1129 3361 si
1145 3315 1311 3361 sermonem
1325 3299 1360 3359 de
1377 3293 1543 3368 dilectione,
1560 3316 1645 3372 qoem
1663 3299 1830 3370 interrupe-

1004 3401 1070 3453 runt
1085 3393 1199 3468 Petrus,
1216 3391 1345 3452 Tbomus
1370 3397 1399 3451 et
1423 3388 1587 3466 Philippus,
1612 3387 1661 3448 iiie
1685 3386 1827 3449 dicendo:

1005 3508 1019 3536 a
1036 3483 1168 3555 Domine,
1185 3502 1243 3558 quo
1257 3483 1338 3541 vadis
1353 3499 1359 3553 ;
1377 3506 1391 3534 ιι
1408 3481 1455 3541 hie
1470 3485 1565 3540 autem
1582 3498 1589 3538 ε
1608 3504 1622 3533 «
1639 3477 1770 3552 Domine,
1783 3495 1830 3536 ue·

1004 3574 1116 3636 seimus
1142 3594 1200 3652 quo
1222 3573 1313 3648 rudia,
1338 3579 1367 3634 st
1392 3571 1539 3650 quoniodo
1566 3589 1725 3648 possumus
1750 3571 1827 3629 viam

1005 3665 1089 3724 eolre.
1107 3689 1120 3721 ι
1134 3665 1190 3724 istc
1201 3683 1267 3723 vcro
1280 3684 1287 3724 ε
1300 3690 1313 3718 «
1327 3657 1461 3736 Domine,
1473 3655 1594 3721 ostende
1607 3659 1689 3720 nobis
1704 3659 1826 3729 Putrem,

1005 3749 1829 3825 etsullrcitnobis.»Sermoneminquamdediicctione

1005 3837 1252 3900 sicinelroaium:
1283 3835 1455 3898 Mandatum
1484 3858 1590 3897 novem
1616 3839 1652 3896 do
1678 3839 1770 3906 rubis,
1796 3841 1829 3896 ot

1004 3933 1132 4006 diligatis
1148 3929 1283 4000 invicem,
1300 3933 1377 3988 sicut
1391 3927 1479 3988 ditoni
1493 3948 1554 3999 ves,
1573 3935 1604 3986 ut
1619 3936 1646 3986 ct
1660 3947 1710 3985 vos
1724 3924 1829 4001 diliga-

1004 4022 1044 4080 tis
1060 4022 1197 4091 invicem,
1212 4019 1267 4078 hoe
1285 4017 1388 4090 ruodu;
1406 4043 1420 4070 ι)
1432 4015 1641 4094 prosequitur:
1659 4041 1673 4068 a
1684 4017 1712 4073 Sl
1729 4017 1827 4089 diligi·

1006 4111 1041 4168 ris
1058 4128 1115 4179 me,
1132 4108 1270 4166 mandatu
1291 4126 1355 4165 msa
1372 4117 1495 4164 servata.
1513 4102 1546 4163 ot
1561 4123 1613 4179 ego
1643 4097 1749 4180 rogabo
1776 4103 1828 4161 Pn-

1005 4205 1087 4270 irem,
1104 4204 1134 4256 at
1148 4196 1238 4255 ulium
1256 4194 1434 4255 Paracletum
1451 4193 1531 4252 dabit
1545 4193 1639 4264 vobis,
1657 4203 1686 4252 ut
1710 4197 1826 4250 manent

1003 4292 1152 4349 vobiscum
1169 4290 1198 4347 in
1215 4299 1364 4347 niernum.
1386 4312 1399 4341 ιι
1416 4287 1572 4359 Quoniam,
1593 4287 1698 4361 inquit,
1715 4304 1777 4360 ego,
1795 4288 1828 4342 ut

1004 4399 1093 4455 soprs
1117 4378 1188 4446 dixi,
1214 4373 1300 4436 dilexi
1326 4396 1385 4448 vos,
1411 4385 1439 4434 et
1466 4395 1516 4450 pro
1541 4394 1647 4451 magna
1671 4377 1759 4434 vestri
1783 4373 1829 4430 dl·

120 4489 183 4528 rnm
201 4485 257 4528 non
273 4470 525 4527 audianturrooes
538 4485 648 4525 eorum.
664 4468 826 4526 lnomnsm
840 4473 948 4527 terram
1002 4471 1125 4532 lsetiune
1147 4473 1218 4530 vulto
1244 4489 1344 4544 parare
1369 4469 1451 4528 vobis
1475 4470 1584 4538 locum,
1614 4469 1672 4527 ime
1695 4465 1827 4541 vosipsos

118 4559 205 4617 exivit
219 4573 311 4616 sunus
326 4575 439 4628 sorum,
455 4561 482 4614 ei
497 4558 525 4614 in
557 4557 629 4615 flues
654 4559 734 4616 urbia
758 4562 839 4616 terre
862 4560 949 4616 verba
965 4539 987 4610 ll
1004 4581 1114 4640 punire,
1131 4571 1157 4620 et
1173 4558 1278 4636 dignos
1296 4563 1387 4618 iacere
1412 4557 1614 4619 mansionibus
1637 4559 1696 4617 iltis
1709 4577 1772 4633 ques
1797 4559 1827 4616 in

119 4666 219 4706 eorum
242 4647 328 4720 (Psoi.
351 4647 442 4720 xviri).
459 4668 473 4699 ιι
505 4650 567 4704 lice
590 4647 717 4720 proiectu
741 4647 853 4720 majora
878 4649 948 4706 sunt

118 4739 238 4806 horum,
255 4749 319 4808 quse
338 4749 415 4793 nune
431 4752 481 4806 age
504 4753 553 4809 per
569 4753 612 4793 ure
630 4735 714 4806 iaetu,
729 4739 760 4792 et
774 4735 835 4792 lirae
860 4736 946 4810 paulo

119 4831 185 4900 post
206 4825 325 4883 iacietis.
343 4848 357 4876 «
374 4825 447 4890 Ouia
463 4841 515 4898 cgo
531 4826 567 4881 ud
579 4827 693 4882 Paircm
710 4825 792 4883 rude.
809 4825 946 4898 iliquod·

118 4933 235 4989 cunque
249 4911 391 4989 petieritis
407 4915 519 4970 Patrem
536 4910 564 4969 in
583 4913 700 4971 nornine
729 4931 802 4984 mee,
825 4909 880 4973 hoe
905 4915 946 4973 la-

118 5007 206 5074 eiem,
222 5006 255 5061 ut
269 5003 448 5078 glorificetur
462 5008 548 5059 Pater
563 5003 589 5059 in
606 5001 688 5060 l'iiiu.
702 5025 716 5054 ιι
733 5001 819 5060 blodo
835 5005 945 5076 potitis,

117 5097 268 5152 dieentes:
286 5116 299 5144 a
317 5091 450 5162 Domine,
467 5087 588 5149 ostende
603 5089 689 5147 nobis
703 5094 830 5160 Patrem,
845 5099 872 5148 ci
883 5089 946 5150 sul-

116 5185 177 5241 iioit
191 5183 294 5240 nubis:
313 5203 325 5236 ι
344 5181 453 5255 petitis,
470 5179 600 5254 inquam,
614 5178 665 5237 sed
692 5199 749 5237 nen
773 5181 804 5238 in
829 5183 946 5241 numine

118 5291 193 5330 nice.
211 5271 269 5329 Neo
284 5271 362 5329 enirn
379 5271 559 5344 cognovistis
576 5285 620 5327 ms
636 5269 743 5343 adbuc,
769 5289 837 5328 cum
864 5275 946 5330 tanto

117 5367 250 5435 ienrpore
266 5359 415 5418 vobiscum
432 5361 498 5415 sim.
516 5365 589 5427 Non,
606 5359 735 5432 inquam,
758 5359 945 5434 cognovistis,

116 5455 186 5524 quia
198 5467 252 5525 ego
268 5453 297 5508 in
314 5453 409 5518 Putre,
426 5455 455 5507 et
468 5447 549 5508 l’aicr
564 5449 592 5505 in
608 5467 653 5506 mo
668 5456 722 5518 est,
735 5455 764 5507 et
778 5451 846 5524 quia
860 5467 946 5511 nemo

116 5541 200 5598 vonit
215 5542 249 5595 ud
268 5543 396 5608 Putrcm,
412 5538 468 5594 nisi
486 5553 718 5612 permundans
735 5539 839 5610 accipit
859 5537 946 5612 qnid-

119 5643 208 5702 qnam
227 5623 351 5698 alatro,
369 5627 425 5684 nisi
442 5640 493 5700 per
509 5642 564 5696 me,
580 5631 608 5684 ct
624 5627 731 5684 idcireo
753 5643 843 5698 usquc
861 5627 946 5686 niodo

1002 4653 1089 4712 dome
1105 4649 1196 4710 Putris
1218 4649 1317 4708 nsultoe
1333 4655 1413 4720 sont,
1429 4647 1453 4707 si
1470 4667 1520 4707 ros
1536 4666 1593 4706 nou
1616 4645 1722 4722 ingrati
1747 4665 1829 4720 acqua

1002 4737 1204 4800 vicissitudine
1216 4738 1338 4812 diligitis
1355 4757 1411 4808 rna,
1428 4733 1565 4796 mundata
1585 4755 1649 4796 mea
1673 4743 1793 4807 scranto,
1811 4759 1825 4786 n

1000 4832 1052 4890 ilia
1067 4827 1208 4903 videlieet,
1221 4831 1355 4903 quaejam
1369 4829 1436 4884 dore
1447 4827 1529 4885 vobis
1543 4843 1700 4900 cmpernm,
1711 4825 1826 4882 dicens:

1002 4945 1016 4973 α
1033 4921 1202 4978 Mandatum
1219 4937 1326 4976 novum
1349 4915 1385 4974 clo
1411 4913 1488 4974 288
1515 4915 1610 4982 vobis,
1640 4920 1673 4971 nt
1700 4911 1829 4985 diligetis

1002 5007 1134 5077 invicem,
1151 5007 1229 5063 sicot
1243 5003 1332 5062 dilcxl
1348 5023 1407 5062 vos.
1428 5005 1599 5062 blandulum
1622 5001 1742 5075 quippe?
1754 4999 1827 5057 dite·

1001 5097 1117 5168 oiionis‚
1135 5099 1162 5152 et
1188 5111 1280 5151 onum
1310 5095 1496 5160 mandatum,
1523 5095 1550 5148 ct
1575 5090 1667 5148 multo
1692 5085 1828 5147 mandata

1001 5193 1080 5244 sunt.
1098 5210 1111 5237 u
1127 5185 1190 5241 Non
1205 5183 1395 5248 adulterabis,
1412 5201 1469 5240 non
1486 5181 1610 5248 occides,
1634 5198 1691 5236 nen
1716 5181 1827 5236 lurtum

1001 5275 1098 5346 tocies,
1111 5293 1168 5332 non
1187 5269 1293 5330 laisum
1310 5269 1520 5328 testimoniium
1538 5271 1627 5339 dions,
1640 5293 1655 5320 »
1676 5273 1704 5326 et
1725 5273 1828 5325 cetera

1003 5361 1141 5420 nronduiu
1156 5361 1186 5418 in
1201 5361 1255 5417 boe
1272 5377 1327 5415 rino
1343 5359 1565 5414 iosiourantur:
1582 5357 1715 5431 «Diliges
1732 5359 1827 5431 proxi·

1002 5471 1080 5510 mum
1096 5457 1181 5508 ioum
1196 5451 1272 5506 sicut
1287 5450 1414 5521 teipsum
1431 5445 1519 5522 (doni.
1542 5449 1614 5521 xor).
1632 5470 1646 5499 ιι
1671 5449 1735 5504 iisse
1758 5463 1826 5520 argo

1002 5539 1342 5606 rraandutameascrrnte,
1355 5542 1384 5592 ct
1394 5536 1436 5594 sic
1452 5537 1574 5594 invicem
1588 5535 1713 5610 diligite,
1729 5537 1826 5594 «sieut

1001 5625 1088 5684 dilexi
1104 5646 1165 5684 vos.
1182 5649 1196 5679 ιι
1212 5627 1282 5684 Ecce
1295 5644 1345 5698 ego
1362 5625 1484 5699 insequi
1501 5625 1648 5684 vobiabuc
1660 5626 1825 5684 dilectionis
