3928 6044
104 173 135 230 i'l
364 172 414 232 DE
434 169 631 233 neomuto.
654 171 802 236 TRlNl'l'.
826 169 877 235 ΕΤ
898 167 1081 232 Paauuss
1105 169 1333 232 sepullu-
1351 169 1424 232 LlB.
1449 172 1503 234 111.
1746 176 1785 234 58

104 318 178 374 quim
192 299 268 356 illum
279 303 400 357 matrem
411 305 540 358 uoslrem
551 301 713 359 Jerusalem
726 299 870 358 coelestem
878 303 906 355 el
921 304 946 368 Α
966 299 1053 366 Deus,
1065 305 1094 356 et
1108 316 1207 356 semen
1231 301 1295 372 ejus
1319 301 1395 372 quod
1420 308 1462 358 est
1484 302 1612 358 Verbum
1637 302 1742 376 ipsius,
1758 307 1789 360 et

104 392 195 448 creavit
209 395 236 446 et
250 390 304 446 sibi
319 389 473 463 copulavit,
490 391 617 463 lpsemet
640 391 748 464 quippe
764 390 792 446 in
810 388 907 446 urultia
963 405 1044 444 umor
1058 389 1122 460 ejus
1137 389 1186 460 qui
1202 395 1246 444 est
1260 391 1523 462 Spiritussanctas.
1536 393 1787 466 Igitunquamvis,

105 481 303 552 Srripturnrum
319 477 391 536 loeis
401 479 531 554 seipsum
542 479 606 534 vult
617 481 734 552 agnosci
746 480 908 552 quoduma·
964 481 996 531 ut
1010 493 1101 549 supra
1110 477 1173 548 jem
1189 477 1367 546 dictumest,
1381 495 1446 535 nero
1460 485 1488 534 et
1498 479 1620 551 spiritus
1631 479 1788 538 dissimilia

105 570 210 624 torsit.
232 566 360 640 Exempli
383 570 487 641 gratis,
516 585 583 626 aum
609 569 638 624 iu
662 567 789 626 ieremia
814 567 905 624 dinit:
963 565 1033 632 sint,
1051 564 1244 622 nibilominus
1259 570 1357 624 tamnu
1378 568 1475 639 aliqua
1492 568 1539 624 hio
1563 567 1727 626 similitudo
1742 572 1787 625 est

104 657 256 730 «quomodo
268 655 292 711 si
303 661 471 713 contemnat
483 656 588 714 mulier
598 657 907 724 amatoremsuumsie
963 654 1031 726 quin
1042 654 1185 721 videlieet,
1206 655 1283 712 siout
1296 656 1442 728 generatio
1456 657 1553 714 cernis
1569 656 1605 713 ab
1620 657 1717 729 aliquo
1734 675 1785 714 ee·

103 744 909 818 oontenrpsitmedomuslsrnel(denuitallrgoenontra
963 744 1040 800 mine
1064 743 1129 814 ejus
1152 748 1181 800 et
1203 760 1302 801 amore
1326 745 1391 816 ejus
1417 751 1558 818 patretur,
1578 749 1621 802 sio
1636 747 1785 819 generatio

102 831 350 890 sereniterdinestu
366 833 684 900 Quomodosilibenter
694 834 831 890 admittet
843 850 906 890 mu·
962 831 1114 904 spiritura
1132 837 1187 888 Deo
1201 833 1297 890 Verbo
1311 835 1375 906 ejus
1389 839 1418 890 et
1432 833 1536 908 spiritu
1553 837 1611 891 oris
1627 838 1689 906 ejus
1714 853 1784 892 con·

103 924 148 980 tier
158 927 310 978 amatorem
327 939 426 990 suum,
442 921 484 978 sie
499 922 625 980 libenter
638 923 760 980 admisit
780 939 825 980 me
840 939 907 980 vern
962 925 1138 978 autumatur.
1150 922 1182 978 itt
1196 925 1221 980 si
1236 922 1321 980 aliter
1331 923 1435 997 exponi
1453 924 1616 996 potestjam
1629 924 1707 982 diota
1717 941 1783 980 sen-

104 1015 194 1070 domus
204 1011 304 1078 lsrael,
316 1029 381 1068 reru
390 1011 490 1068 divitas
502 1013 716 1083 Siou,ooelestis
728 1011 905 1070 Jerusalem.
962 1011 1071 1068 tentia:
1088 1011 1249 1084 «uunquid
1262 1011 1338 1068 nosti
1359 1012 1488 1068 ordinem
1501 1010 1576 1078 eseli.
1593 1016 1622 1068 et
1635 1029 1725 1084 pones
1736 1029 1785 1070 ro-

102 1103 187 1170 llnrae
201 1101 361 1158 seeundum
377 1100 523 1172 ejusmodi
539 1101 764 1158 similitudinem
785 1117 905 1158 rausum
962 1099 1058 1156 tiones
1082 1100 1146 1171 ejus
1161 1099 1190 1157 in
1215 1105 1295 1156 terra
1310 1101 1367 1173 (lob
1388 1101 1506 1173 xxxva),
1526 1099 1719 1158 nihilominus
1734 1105 1783 1157 tu-

100 1189 136 1246 rel
149 1205 217 1261 opus
229 1189 288 1256 Dei,
300 1205 377 1262 opus
392 1195 499 1246 sanotae
512 1190 664 1247 Trinitatis
680 1189 825 1263 speculari
840 1188 907 1246 lieet
962 1205 1027 1245 men
1044 1205 1150 1245 sensus
1170 1188 1236 1257 iste,
1262 1205 1347 1261 quem
1372 1189 1511 1256 diximus,
1534 1188 1631 1245 lorum
1658 1189 1742 1246 iubet
1756 1194 1786 1244 et

100 1281 123 1335 in
136 1278 180 1334 illo
193 1278 292 1334 ordine
307 1279 381 1346 curli,
399 1279 428 1334 in
446 1277 497 1334 illu
511 1283 652 1334 saneteet
665 1284 708 1334 ter
722 1279 808 1334 beata
821 1277 908 1336 Jeru·
961 1279 1088 1351 pondere
1103 1294 1161 1334 non
1176 1279 1336 1352 carot,quiu
1352 1277 1432 1336 nullo
1446 1278 1531 1334 modo
1546 1277 1729 1351 splendidius
1740 1295 1785 1334 rs·

100 1366 188 1425 salom.
204 1367 252 1424 Est
266 1367 383 1424 enimin
396 1367 440 1423 bis
450 1367 624 1437 similitudo,
635 1367 771 1440 quentvis
781 1365 907 1424 dissimi-
959 1367 1055 1424 tiones
1068 1366 1180 1424 ordinis
1195 1367 1257 1423 omli
1274 1373 1351 1424 Deris
1362 1369 1392 1424 in
1401 1369 1594 1441 terraposuit,
1604 1385 1692 1441 quem
1705 1385 1784 1442 rege-

100 1455 205 1528 itaquis
213 1456 346 1513 videlieet
356 1473 423 1512 earo
434 1457 539 1528 spritui
551 1456 671 1529 quidem
685 1455 904 1526 dissimilisest,
960 1457 1089 1513 uorando
1104 1473 1155 1528 per
1169 1473 1277 1532 aquam
1290 1456 1366 1514 lilios
1376 1457 1460 1522 lueis.
1474 1457 1566 1514 ituros
1576 1456 1697 1514 initium
1708 1459 1785 1514 ordi·

99 1545 563 1602 sedtamendissimiliumistorum
575 1542 904 1618 eliquaaimilitudoost:
961 1561 1027 1602 nom
1044 1545 1107 1602 coeli
1124 1546 1160 1602 ad
1176 1546 1294 1618 angelos
1309 1546 1405 1604 lueis:
1424 1569 1435 1596 ι
1452 1547 1545 1602 Erunt
1560 1547 1651 1616 enim,
1662 1547 1702 1602 eit
1721 1545 1783 1619 ipse

99 1634 193 1702 ednod
210 1639 310 1691 natum
326 1645 369 1691 est
384 1651 420 1691 ex
434 1651 532 1702 earne,
549 1635 588 1692 ait
603 1635 753 1698 Dominus,
766 1651 831 1692 caro
847 1638 903 1701 est,
920 1664 943 1732 B
960 1633 1114 1704 Dominus,
1134 1633 1211 1692 siant
1226 1633 1320 1709 angeli
1338 1635 1386 1692 nei
1402 1635 1507 1707 (dotti.
1524 1635 1566 1708 τι).
1584 1656 1598 1686 a

99 1727 121 1778 et
132 1723 199 1795 quod
214 1729 315 1779 nutum
326 1725 371 1780 est
381 1739 416 1780 ex
425 1723 669 1797 spiritu,spiritus
681 1734 723 1782 est
736 1725 900 1796 (leoninis
1268 1776 1386 1834 CAPUT
1405 1777 1457 1834 VH

98 1812 140 1867 sed
151 1812 206 1882 jam
222 1812 396 1869 recedemus
410 1814 444 1869 ad
461 1831 534 1870 rem.
1461 1819 1468 1833 ⁸

397 1935 512 1996 CAerp
531 1937 579 1995 ῃ,
957 1924 996 1977 De
1013 1934 1044 1976 eo
1067 1919 1138 1992 qaod
1157 1920 1297 1992 Apostolus
1312 1939 1347 1987 μ
1364 1921 1476 1977 berebet
1490 1921 1576 1986 reim,
1593 1921 1775 1992 inanimum

96 2043 157 2126 Quod
169 2045 316 2100 secuudum
330 2046 545 2103 similitudinem
559 2048 704 2113 amatoris,
722 2046 752 2102 iu
775 2063 827 2118 quo
844 2047 904 2106 liceo
991 2003 1318 2134 ἷξῖιῖγξινὲἔτξῖἲτῖῗιτῗτξξὲ
1328 1997 1699 2134 ἆέοξίθτντοᾳταοθιτῗτοοτῗοέαᾶἐοὲ
1708 1993 1783 2120 sqfflussd

123 2120 172 2170 lna
184 2122 257 2180 mni.
271 2122 384 2174 “mailli
410 2121 479 2188 {⁰⁸⁶2
495 2133 576 2174 ΕΜΓ
600 2118 698 2188 ibiibi·
724 2123 752 2174 0²
779 2135 903 2176 vremess·
992 2151 1054 2190 mur
1074 2135 1145 2208 praed
1166 2137 1277 2206 propter
1302 2137 1454 2205 samsucio
1468 2138 1504 2189 sit
1518 2106 1543 2190 el
1559 2134 1687 2205 unpelicn
1701 2150 1783 2192 creo·

123 2191 184 2254 tarn,
198 2189 392 2262 propterquod
410 2189 445 2244 ud
462 2194 672 2262 proponendam
692 2192 797 2262 prolem
811 2207 905 2248 umore
993 2211 1066 2273 mro,
1083 2211 1108 2262 a
1122 2209 1212 2263 omns,
1226 2211 1366 2263 creatura,

124 2274 165 2314 suo
185 2259 303 2323 laedar.
321 2276 392 2317 anas
412 2258 450 2315 sit
476 2265 546 2317 Deae
570 2261 662 2330 Pater,
678 2271 704 2318 er
721 2278 801 2318 umor
815 2261 904 2334 ipsias

126 2328 233 2400 Spiritus
246 2339 365 2400 sancius,
377 2335 405 2386 et
418 2331 533 2389 Verbum
547 2332 646 2403 ipsiius.

993 2367 1781 2441 Adhnoadsupradiatamsimilitudinometilludpul-

125 2457 151 2508 ln
165 2460 289 2512 amatore
305 2457 362 2513 tria
377 2455 695 2530 sunt‚umatoripss,et
706 2459 903 2531 amoripsius,
957 2461 1026 2518 abre
1039 2460 1160 2527 aonedit,
1177 2459 1257 2530 quia,
1273 2458 1352 2515 sieut
1365 2455 1502 2530 legimus,
1518 2457 1559 2512 vir
1575 2457 1692 2514 nonnisi
1714 2474 1778 2530 pro·

96 2545 118 2595 et
131 2548 317 2606 crementum,
333 2548 449 2618 propter
465 2545 541 2616 quod
555 2544 590 2601 ud
603 2545 824 2618 propagandum
838 2563 903 2618 pro·
959 2554 1023 2624 pter
1037 2565 1167 2606 amorem
1184 2547 1293 2605 sobolis
1313 2548 1468 2620 nonjugom
1493 2546 1585 2615 ducit,
1602 2546 1643 2604 sio
1660 2553 1688 2602 el
1702 2546 1780 2604 Deus

95 2627 141 2686 lem
156 2649 248 2690 amore
263 2633 455 2690 suoducitur.
465 2633 609 2692 Similiter
621 2636 792 2692 increatore
806 2641 905 2693 nostro
959 2637 1170 2697 Paternonuisi
1182 2642 1300 2710 proptor
1311 2653 1437 2693 umorem
1453 2635 1540 2694 Verbi
1556 2636 1603 2692 sui
1614 2641 1779 2692 creaturam

97 2720 137 2791 qui
150 2727 303 2779 amatorem
316 2739 348 2780 ae
364 2724 506 2795 nominat,
519 2728 550 2779 ut
561 2725 771 2798 supradictum
783 2725 906 2798 ait,sunt
959 2726 1144 2794 rationalem,
1160 2733 1322 2782 ereaturam
1342 2724 1504 2798 angelicum
1518 2726 1553 2781 de
1570 2742 1626 2797 qus
1643 2741 1721 2781 nune
1738 2723 1784 2781 lo-

97 2814 150 2865 lres.
165 2809 226 2882 ipse
241 2817 270 2867 et
284 2828 366 2869 uuor
381 2811 484 2884 ipsius,
501 2812 614 2870 seilicet
629 2813 759 2886 Spiritus
771 2819 905 2886 sanetus,
959 2818 1089 2892 quimur,
1105 2821 1134 2872 et
1149 2819 1312 2872 ereaturam
1338 2815 1498 2872 bumnnnm
1519 2815 1553 2870 de
1569 2831 1626 2886 qun
1643 2821 1707 2887 post
1722 2814 1781 2870 hese

97 2903 119 2952 et
131 2897 248 2957 Verbum
260 2900 448 2974 ipsius,quod
459 2918 514 2958 non
530 2901 662 2958 estuliud
673 2919 761 2976 quam
773 2918 904 2960 eremen-
960 2906 1083 2964 loeuturi
1109 2920 1222 2968 sumus,
1246 2902 1387 2959 condidit.
1415 2902 1491 2960 Hine
1509 2904 1668 2975 apostolus
1680 2903 1716 2959 de
1733 2903 1781 2960 illo

96 2991 146 3042 turn
159 2991 229 3060 ejus,
244 3007 346 3047 semen
362 2993 437 3061 ejus,
456 2990 543 3047 lilius
566 2993 639 3063 ojus.
656 2991 722 3048 lieo
740 2991 903 3048 similitudo
960 2995 1069 3050 scilieet
1086 2993 1134 3050 Dei
1158 2992 1230 3048 Filio
1252 2991 1373 3060 loquens
1389 3007 1396 3045 ε
1413 2990 1538 3047 Docebat
1564 2990 1652 3060 enirn,
1674 2991 1782 3062 iuquit,

98 3077 222 3146 quemvis,
238 3084 271 3134 ut
286 3077 434 3152 sieutJem
447 3080 626 3145 dictumest,
640 3079 903 3154 longedissimilia,
958 3101 1025 3140 eum
1043 3087 1160 3156 propter
1174 3097 1262 3155 quem
1278 3078 1388 3150 omnia,
1403 3087 1431 3137 ot
1446 3097 1498 3152 per
1516 3097 1601 3152 quem
1617 3080 1781 3153 omnia,qui

97 3165 128 3220 itn
145 3177 170 3222 nt
181 3167 299 3239 spiritus
316 3169 406 3239 carni,
420 3167 465 3225 vel
480 3187 547 3227 euro
558 3167 686 3241 spiritui,
700 3170 771 3226 ndeo
783 3187 850 3226 vera
859 3176 905 3228 est
959 3171 1067 3228 multus
1078 3170 1152 3227 filios
1162 3168 1190 3226 in
1203 3169 1325 3243 gloriam
1337 3169 1531 3240 adduxerat»
1542 3173 1597 3226 ete.
1610 3169 1672 3225 Non
1685 3167 1779 3228 solum

97 3259 122 3307 ut
136 3255 160 3310 in
184 3257 257 3313 lenia
272 3274 390 3330 quoquo
413 3257 553 3331 seriptum
577 3264 622 3315 est
638 3276 646 3315 :
663 3281 677 3310 α
694 3259 833 3331 Nunquid
850 3275 903 3333 ego
960 3261 1014 3319 hoo
1029 3261 1113 3330 dixit,
1126 3283 1140 3312 e
1157 3276 1208 3332 per
1223 3275 1310 3330 quem
1326 3257 1435 3325 omnia,
1453 3280 1466 3310 r
1483 3259 1534 3314 sed
1552 3257 1681 3331 primum
1698 3259 1781 3327 dixit,

94 3343 133 3412 qui
147 3345 213 3402 alins
229 3362 333 3420 parere
345 3345 430 3416 lario,
445 3348 508 3420 ipse
520 3363 576 3404 non
590 3349 712 3418 parium,
727 3347 903 3406 dinitliomi·
960 3373 974 3404 a
990 3356 1109 3424 propter
1132 3365 1219 3423 quem
1242 3349 1352 3417 omniu,
1370 3371 1384 3398 a
1410 3348 1481 3420 quia
1505 3347 1637 3404 videlicet
1661 3350 1722 3421 ipsa
1738 3352 1783 3404 ost

96 3449 150 3503 nus,
160 3435 182 3490 si
193 3453 243 3508 epo
258 3436 310 3508 qui
324 3436 544 3509 generationem
563 3438 674 3494 ueteris
686 3437 904 3509 tribuo‚sterilis
960 3441 1091 3498 omnium
1108 3455 1207 3495 euusn.
1225 3439 1278 3494 Per
1293 3438 1390 3510 ipsum
1406 3437 1483 3494 lenta
1495 3444 1539 3494 est
1558 3436 1616 3494 ista
1635 3437 1696 3505 lux,
1712 3436 1781 3510 quin

97 3537 144 3588 ero,
157 3524 193 3578 ait
207 3526 349 3580 Dominus
360 3525 437 3581 Deus
454 3530 523 3582 tuus
533 3525 548 3582 ‘l
559 3547 573 3576 a
585 3529 651 3596 (lau.
664 3527 903 3599 maniboquebe·
959 3531 1002 3586 sio
1013 3529 1154 3601 seriptum
1167 3535 1211 3584 est
1223 3544 1230 3583 ι
1243 3549 1257 3577 «
1273 3525 1432 3584 biritDeus
1444 3543 1451 3582 :
1465 3525 1783 3595 brettenbrunum

96 3613 134 3665 tur
146 3617 216 3668 enim
231 3613 301 3671 haio
317 3613 583 3685 ordinieoeli,huie,
596 3616 632 3671 de
648 3633 706 3688 qun
722 3632 800 3673 nune
812 3615 905 3688 loqui·
959 3618 1018 3676 lux.
1030 3641 1044 3669 a
1059 3619 1086 3672 Si
1102 3617 1176 3673 dixit
1189 3622 1218 3671 et
1230 3617 1305 3672 inlota
1319 3621 1373 3682 est,
1385 3617 1486 3687 utique
1502 3632 1553 3688 por
1568 3615 1693 3671 Verbum
1706 3615 1782 3671 laeta

97 3701 336 3766 mur‚.lesusnlem
353 3721 465 3777 magne
486 3709 514 3760 ot
525 3709 632 3762 sancte
647 3704 861 3762 eivitatiUude
877 3712 905 3762 et
959 3711 1013 3764 est.
1027 3708 1082 3763 Sed
1099 3721 1202 3779 parum
1231 3704 1365 3761 estseire
1387 3704 1453 3774 hoo,
1476 3703 1584 3760 etenim
1606 3703 1671 3776 pius
1696 3703 1783 3760 habel

99 3791 494 3858 protinusdieit:«1‚mtamini
507 3810 573 3851 oum
588 3793 752 3850 Jerusalem
764 3793 902 3850 eleusul·
961 3795 1164 3854 delectamenti
1193 3794 1254 3850 hoe
1277 3793 1420 3850 sententia
1447 3793 1525 3861 fidei,
1555 3791 1673 3848 sciendo
1703 3791 1782 3864 quod

101 3883 146 3933 inte
162 3880 187 3935 in
202 3898 245 3950 en,
261 3898 365 3938 omnes
376 3882 426 3955 qui
439 3883 561 3956 diligitis
570 3899 642 3940 eom.
653 3883 857 3940 (laudatorum
871 3900 906 3941 ea
960 3885 1047 3942 etiam
1064 3889 1181 3956 propter
1196 3883 1295 3955 ipsum
1310 3881 1386 3938 ineis
1402 3881 1451 3953 sit,
1472 3881 1580 3938 seilicet
1596 3881 1736 3953 utipsum
1752 3882 1781 3935 in

101 3969 905 4047 gaudimoniversiquilugebatissupereum,utsugatis
960 3973 1117 4045 semetipsa
1142 3976 1275 4027 erentnrn
1301 3969 1361 4025 heo
1379 3969 1509 4034 heberet,
1530 3966 1706 4024 ethabendo
1732 3967 1782 4023 lux

100 4059 281 4127 elrepleamiui
293 4060 904 4134 nbubereoonsolationisejus(ibid.),reto.
960 4065 1107 4121 existerat.
1124 4059 1275 4132 lpseenim
1285 4059 1336 4115 lux
1345 4063 1400 4124 est,
1412 4060 1551 4131 elatique
1564 4057 1613 4114 lui
1624 4072 1682 4114 nou
1694 4057 1784 4126 iscla,

100 4143 263 4206 Nesciremus
280 4149 444 4222 quidquam
469 4150 504 4206 de
528 4151 631 4207 ordine
651 4151 693 4206 vel
719 4153 905 4222 generatione
960 4152 1011 4208 lux
1025 4152 1061 4207 ab
1076 4149 1174 4221 aliquo
1190 4146 1364 4214 illuminate,
1376 4147 1428 4219 sed
1437 4146 1650 4214 illuminans,et
1660 4145 1782 4219 proinde

98 4236 235 4304 eiusmodi,
251 4239 309 4294 nisi
328 4241 454 4296 rationes
468 4241 533 4310 ejus
548 4239 579 4296 in
595 4245 673 4296 terre
690 4240 905 4315 potuissetipse
961 4240 1011 4296 lux
1025 4253 1101 4294 vere.
1118 4234 1340 4307 comparatione
1355 4235 1419 4304 ejus
1433 4233 1648 4306 qualiscunque
1658 4233 1784 4305 lux,qui·

100 4323 228 4392 quinovit.
241 4327 394 4391 Quomodo
405 4329 482 4384 euim
495 4329 594 4402 posuit
610 4327 697 4400 llpse
709 4329 831 4403 spiritua
842 4329 904 4399 Dei,
959 4325 1003 4383 vis
1018 4323 1141 4397 angelus
1151 4323 1238 4391 lunis,
1251 4326 1328 4378 reete
1343 4325 1371 4377 et
1386 4321 1510 4378 fideliter
1522 4329 1712 4394 negaturos-se
1723 4322 1782 4378 lux.

100 4413 140 4482 qui
152 4418 217 4472 tuno
232 4416 477 4489 lerebatursuper
487 4433 589 4488 aquas,
602 4417 716 4474 dicente
727 4417 785 4473 Deo
798 4435 805 4474 ε
817 4440 831 4469 «
845 4418 908 4476 Fiet
921 4399 945 4465 Ῑ)
961 4414 1171 4474 Hinolonnnes
1182 4409 1558 4484 evengelistedeBeptiaus
1567 4411 1784 4483 loanneanon,

98 4497 145 4557 lm.
157 4525 169 4552 r
180 4503 251 4575 lpse,
261 4505 399 4578 inquam,
410 4507 497 4561 etiam
510 4521 586 4561 nuno
600 4509 693 4562 tortor
705 4522 905 4582 superequns,
962 4503 1068 4576 inquit,
1083 4508 1145 4558 eret
1160 4502 1220 4567 lux,
1235 4501 1286 4556 sed
1303 4504 1334 4555 ut
1350 4498 1547 4555 testimoniam
1565 4499 1730 4572 perbiberet
1746 4501 1782 4555 de

99 4588 156 4646 dum
170 4592 630 4666 inchristobaptiznmur.llthoa
641 4603 683 4652 est
697 4595 905 4655 Deumdieere:
960 4593 1083 4649 lumine.
1101 4613 1115 4642 a
1130 4595 1167 4646 [te
1184 4591 1249 4662 ipso
1263 4593 1359 4645 autem
1377 4587 1491 4645 Christo
1520 4589 1658 4645 bomino:
1677 4611 1691 4638 «
1706 4587 1784 4657 Erat,

38 4697 39 4708 τ
100 4677 906 4758 iiatlnx,regenernrenos,utquiernmusaliquendo
961 4679 1604 4753 inquit,iurveru,queilluminatomnem
1633 4678 1782 4735 bominem

38 4787 39 4802 i
101 4767 218 4839 bastire,
229 4772 380 4842 jamnuno
395 4771 425 4827 in
439 4771 673 4829 Dominosumus
684 4771 744 4828 lux.
755 4773 786 4828 ln
797 4772 853 4828 hoa
863 4777 908 4828 eat
960 4771 1122 4827 venientem
1139 4767 1169 4824 in
1183 4767 1261 4823 hune
1280 4767 1572 4840 muudumlloarr.1).
1589 4789 1604 4818 »r
1616 4766 1745 4824 loannes
1756 4772 1786 4823 et

101 4861 272 4927 regeneratio,
288 4859 359 4934 qula
370 4861 433 4930 jnm
450 4861 546 4916 (lictus
559 4871 670 4918 sinetur
686 4860 762 4918 linus
776 4861 904 4917 animum
960 4859 1059 4933 quivis
1070 4858 1191 4931 angelus
1206 4855 1292 4924 lunis,
1308 4858 1368 4914 sive
1383 4859 1470 4916 homo
1486 4856 1565 4914 lilius
1581 4856 1665 4926 lueis,
1682 4855 1784 4912 siolux

38 4953 39 4964 ¹
101 4947 247 5003 credentem
273 4951 448 5020 impr-sennar
469 4951 559 5008 Verbo
579 4967 644 5019 suo,
663 4950 780 5021 dignam
808 4967 906 5007 amore
960 4951 1069 5007 dieitur
1084 4949 1126 5006 vel
1139 4953 1194 5017 est,
1207 4954 1346 5021 tanquam
1359 4947 1490 5015 luoerua,
1500 4949 1528 5004 id
1539 4953 1595 5015 est,
1610 4947 1659 5003 iux
1671 4964 1728 5003 non
1739 4963 1783 5000 rs·

102 5035 628 5112 ann.Verbumenimsemenestejus,
645 5039 906 5098 sinutuitlaeobua
960 5038 1164 5097 rensmuterin
1180 5053 1187 5091 :
1206 5037 1333 5093 Verbum
1358 5044 1455 5093 autem
1482 5037 1543 5104 Dei,
1563 5034 1689 5092 Verbum
1706 5035 1783 5090 Deus

101 5123 245 5188 aposlolus:
262 5149 276 5176 «ι
294 5127 467 5184 voluntarie
478 5131 579 5200 genuit
593 5145 646 5185 nos
663 5129 904 5200 bernowinus,
958 5128 1105 5202 ipseluois
1116 5133 1160 5183 est
1170 5125 1495 5183 substantiu.Neoenim
1509 5124 1589 5181 aliud
1602 5128 1646 5180 est
1656 5123 1781 5194 illiesse,

103 5215 126 5262 ut
141 5211 226 5270 simus
243 5215 360 5273 initium
376 5215 498 5289 aliquod
518 5223 657 5274 creature
681 5217 745 5290 ejus
759 5216 825 5288 (lue.
843 5221 872 5288 τ).
888 5240 902 5270 a
959 5224 988 5275 et
1002 5216 1084 5274 aliud
1100 5219 1195 5272 lunera
1208 5233 1216 5282 ;
1231 5215 1296 5271 istis
1307 5222 1403 5271 autern
1417 5214 1496 5270 uliud
1512 5227 1586 5284 esse,
1602 5221 1629 5269 et
1643 5211 1723 5269 aliud
1739 5219 1784 5269 est

103 5295 187 5355 Senon
200 5301 252 5361 boe
268 5305 385 5362 nonnisi
399 5321 465 5362 oum
483 5323 580 5363 umore
595 5306 766 5377 surripitur,
774 5304 903 5361 Verbum
958 5303 1218 5374 lucerelliligeuda
1235 5304 1344 5376 quippe
1361 5302 1467 5369 luceru,
1485 5300 1543 5374 ipsi
1558 5307 1625 5356 sunl
1642 5301 1782 5370 lux,siout

104 5381 145 5441 hon
159 5392 267 5449 nonnisi
285 5411 334 5466 por
349 5393 493 5466 Spiritum
510 5393 902 5450 sanetumimmittitur.Heo
957 5401 1076 5452 econtra
1100 5398 1240 5466 apostate
1266 5391 1360 5461 angeli
1386 5390 1512 5446 odiendo
1536 5389 1632 5448 lucem
1656 5394 1782 5448 tenebre

104 5478 137 5527 rel
148 5479 266 5537 irinilus
281 5499 356 5540 unus
374 5489 450 5539 Deua
465 5487 580 5540 amator
594 5487 732 5540 creature
753 5482 903 5539 rationulis
957 5491 1036 5540 sunt.
