3952 6056
97 294 164 355 369¹
636 293 842 355 GOMMENT.
865 289 903 350 lN
926 290 1035 352 tonN.
1060 323 1099 338 ·-
1119 293 1191 354 tte.
1215 294 1267 356 tv.
1748 299 1811 359 cto

99 426 205 498 Ignoti,
219 426 268 498 qui
284 441 337 482 nec
355 425 474 482 uerbum
490 425 607 498 quidem
620 425 713 483 ullum
729 427 766 483 eb
781 426 924 484 coaudic·
940 425 966 491 Α
982 427 1134 484 Ιιιιιιιιιοιιο
1148 429 1413 499 circumcisionem,
1429 432 1517 488 sedet
1529 431 1722 506 totemlegcm
1733 433 1806 490 ltosl

98 518 178 588 rant,
194 516 311 588 quando
338 513 438 572 minue
463 516 548 587 signa
572 515 714 586 viderunt,
728 516 770 584 bi,
794 517 928 588 inquem‘
980 522 1113 588 oportere
1127 519 1234 576 serrari
1251 519 1354 590 (itte),
1378 520 1446 592 quid
1462 520 1543 576 aliud
1566 521 1701 594 discipuli
1724 522 1807 593 lesu,

100 603 929 678 propterbccsolum,quodabunsmuliereaudiersnt,
980 604 1039 660 nisi
1068 605 1149 662 cibos
1177 605 1360 678 importunos
1396 607 1559 678 offerentes,
1589 609 1727 666 dicebant
1755 610 1804 668 ei:

100 694 233 750 dicente:
254 715 265 742 ι
283 692 357 760 Quia
366 692 519 750 dixitmibi
530 695 629 752 omnis
642 710 823 767 quecunque
833 694 897 762 leci,
914 715 928 744 ιι
983 694 1115 766 ιιιιιιιιι,
1132 695 1302 751 munduca?
1316 715 1330 746 ιι
1346 695 1401 752 Sed
1417 703 1535 753 econtra
1556 697 1663 754 clamat
1688 699 1750 769 ipae
1774 701 1803 756 iu

103 782 230 839 multum
246 781 427 838 honorantes
442 798 521 848 eum,
538 784 659 840 exibant
673 785 709 840 de
734 783 848 840 civitate
863 799 927 851 sua,
981 782 1095 854 pselmn
1112 800 1119 838 :
1137 806 1151 834 ι
1165 783 1309 855 Nunquid
1326 785 1507 841 manducabo
1522 802 1624 842 cernas
1640 792 1802 856 tsurornm,

101 876 130 928 st
144 870 301 928 veniebant
316 871 353 926 ed
365 871 588 944 cum.Amplies
600 877 697 929 erdem
707 889 795 942 nunc,
809 873 928 945 nbijarn
981 877 1032 926 eut
1046 872 1220 944 sanguinem
1237 872 1383 928 hircorum
1401 875 1507 945 potabo
1517 875 1604 946 (Psoi.
1615 877 1689 947 xcrx)
1700 876 1736 932 ιιι
1747 881 1803 933 Nc-

98 981 113 1016 a
130 960 269 1033 praedicta
285 959 381 1031 petris
396 976 451 1017 sue
466 976 561 1033 usque
574 961 610 1017 ed
627 961 765 1028 duem,id
780 967 929 1034 estusque
983 977 1131 1032 qusquem
1145 979 1151 1018 :
1167 983 1181 1012 ιι
1197 961 1260 1018 Nun
1276 961 1416 1034 sccipism
1441 963 1477 1019 de
1499 963 1587 1020 demo
1611 970 1663 1021 tua
1686 965 1802 1035 vitulos,

99 1051 136 1106 cd
153 1053 290 1116 mortem,
308 1051 432 1105 mortem
448 1053 548 1106 eutem
563 1049 659 1106 crucis
674 1050 760 1123 (Phil.
776 1051 819 1122 ιι),
838 1049 928 1107 inbe-
981 1065 1076 1121 neque
1092 1050 1127 1107 de
1142 1050 1281 1122 gregibus
1299 1052 1358 1108 tuis
1373 1052 1478 1124 hircos,
1495 1053 1633 1124 quonism
1649 1069 1720 1112 mere
1735 1061 1805 1111 sunt

96 1142 219 1196 noretus
234 1145 290 1195 cst.
307 1139 366 1195 Nos
380 1154 448 1194 rere
463 1137 513 1210 qui
529 1137 614 1196 illum
631 1155 689 1196 non
713 1139 853 1208 vidimus,
877 1140 927 1196 sed
981 1154 1083 1194 omnes
1094 1137 1655 1211 leraesilvarum,jumentuinmontibus
1666 1143 1802 1201 etboves.

96 1232 215 1284 tentum
230 1227 260 1282 in
276 1228 378 1284 auditu
390 1227 471 1283 euris
481 1226 653 1296 didicimus,
664 1229 754 1300 quod,
766 1228 842 1284 sicut
854 1230 930 1301 Apo·
980 1225 1107 1299 Cognovi
1122 1227 1223 1284 omnia
1236 1226 1364 1286 volatilis
1379 1228 1465 1298 coelli,
1481 1234 1511 1285 et
1532 1228 1718 1302 pulchritudo
1742 1231 1804 1304 agri

94 1317 193 1374 stolus
207 1316 258 1385 eit,
275 1339 290 1368 ιι
305 1317 394 1374 lesus
409 1321 442 1373 ut
459 1315 656 1374 sanctificaret
672 1319 927 1390 persemetipsum
981 1331 1096 1372 mecum
1111 1323 1165 1373 cst.
1178 1316 1207 1371 si
1222 1316 1350 1374 esuriero
1366 1334 1423 1374 non
1443 1319 1538 1376 dicam
1563 1319 1615 1377 tibi
1629 1340 1637 1390 ς
1653 1335 1737 1378 meus
1759 1327 1804 1378 est

96 1405 252 1478 populum,
262 1407 348 1477 Juxta
363 1408 477 1478 portem
493 1422 599 1478 pasees
615 1411 670 1474 est,
683 1407 797 1463 eximus
810 1408 846 1463 ad
858 1423 925 1464 cem
980 1405 1058 1462 cuim
1074 1405 1153 1461 urhis
1173 1413 1264 1474 terrce,
1280 1411 1309 1462 et
1334 1405 1483 1477 plenitudo
1508 1409 1572 1481 ejus
1591 1409 1692 1482 (thid).
1711 1431 1722 1462 ι
1747 1411 1802 1468 Sed

92 1501 176 1553 extre
198 1501 304 1564 castra,
330 1498 542 1570 improperium
569 1498 633 1570 cius
656 1503 806 1570 pertentes
832 1500 926 1572 (ttctr,
981 1493 1105 1566 quiet«
1128 1493 1252 1551 Immols
1271 1493 1328 1551 Deo
1353 1495 1530 1553 sacrificium
1554 1497 1650 1554 tendis
1666 1497 1768 1571 (ibid).
1786 1521 1801 1550 ιι

92 1587 170 1657 1111).
188 1608 202 1636 ιι
219 1585 311 1654 Nune,
331 1587 464 1658 inquam,
481 1586 609 1659 emplius
623 1588 859 1660 exprobrandum
884 1593 929 1645 est
980 1583 1019 1639 De
1035 1598 1092 1655 quo
1108 1581 1233 1655 perlecto
1247 1599 1314 1640 uere
1329 1584 1482 1654 sacrificio,
1506 1585 1630 1658 ciboque
1656 1585 1712 1642 sibi
1735 1603 1803 1644 cen·

94 1672 195 1742 malis,
210 1677 240 1729 et
253 1673 344 1746 digus
359 1673 483 1746 perditis
502 1674 648 1746 agricolis,
666 1677 744 1747 quod
767 1676 926 1732 Dominum
979 1677 1102 1744 gruente
1114 1671 1247 1744 protinus
1263 1673 1348 1730 dicit:
1365 1695 1379 1724 ιι
1395 1675 1454 1747 Ego
1482 1674 1569 1732 beben
1592 1673 1690 1732 cibum
1716 1691 1802 1731 mnn-

93 1761 200 1832 vicen,
225 1763 384 1819 Dominum
409 1780 496 1820 suum
530 1769 610 1821 extre
633 1765 749 1822 vineam
774 1764 924 1838 ejicientes
979 1762 1095 1830 ducere,
1111 1777 1262 1832 quomens
1278 1763 1438 1819 nescitis.»
1465 1763 1573 1820 herere
1597 1781 1726 1838 nemque
1749 1781 1802 1822 ne·
1918 1799 1922 1808 ·

94 1851 268 1908 occiderunt
292 1851 397 1923 (llcttlr.
423 1853 564 1922 xsr;an.
591 1855 692 1927 xx),et
717 1854 824 1912 idcirce
848 1857 924 1912 recte
979 1848 1122 1920 sciebeut,
1150 1867 1207 1923 quc
1241 1852 1364 1922 abjectis
1394 1852 1466 1908 cibis
1499 1861 1527 1908 et
1563 1854 1689 1925 potibus,
1714 1855 1803 1911 variis

94 1940 230 1996 sbletum
248 1945 292 1997 est
308 1941 356 1997 ilis
372 1956 493 2014 regnum
507 1941 569 2011 Dei,
581 1947 611 1998 et
621 1944 723 2000 dutum
736 1947 781 1999 est
792 1943 882 2016 genti,
894 1943 923 1998 ld
981 1937 1578 2012 heptlsmetibesctjustitiiecernislrllerc.
1589 1941 1648 2010 vn),
1661 1941 1719 1998 veri
1733 1943 1802 1999 edo·

92 2032 140 2086 est
154 2029 312 2102 gentilitati
326 2029 446 2086 facienti
458 2031 740 2101 tructusejns.Quia
751 2030 923 2100 decivitate,
979 2035 1090 2088 ratores
1106 2031 1252 2088 adoraturi
1266 2038 1364 2089 essent
1383 2033 1497 2090 Patrem
1519 2034 1549 2090 in
1574 2033 1679 2105 spiritu
1704 2042 1731 2091 et
1754 2051 1801 2091 ve·

91 2144 105 2172 ι
130 2137 200 2193 quse
224 2124 344 2178 vocetur
368 2120 563 2192 spiritualiter
582 2123 710 2180 Sodomn
732 2127 761 2178 et
783 2123 924 2196 AEgyptne
981 2120 1064 2178 ritate
1079 2121 1157 2193 quod
1172 2136 1237 2177 vere
1253 2128 1295 2178 est
1310 2137 1411 2178 verum
1427 2120 1604 2179 sacrificium
1626 2121 1721 2180 laudis
1741 2130 1801 2181 Deo

90 2213 187 2282 (Aper.
201 2212 242 2282 ιι),
262 2231 276 2264 ι
294 2211 355 2268 ειιε
377 2211 536 2284 babylonie
562 2211 710 2282 meretrix,
737 2213 773 2268 dc
797 2213 922 2284 civitate,
979 2209 1055 2266 Patri
1071 2211 1100 2265 et
1113 2207 1185 2265 Filio
1199 2213 1228 2264 ct
1242 2208 1363 2282 Spiritui
1378 2215 1479 2266 sancto
1502 2207 1664 2268 immolare.
1685 2211 1800 2268 Nescie-

93 2299 233 2372 inqunm,
258 2300 379 2369 diaboli,
403 2317 467 2373 que
497 2301 609 2358 civitati
628 2300 679 2358 Dei
701 2316 834 2374 superne
858 2301 924 2358 llic-
979 2297 1060 2366 heut,
1076 2298 1208 2368 inquam,
1225 2314 1293 2354 nom
1310 2298 1364 2354 boo
1378 2297 1438 2356 illis
1453 2314 1511 2355 nou
1527 2299 1731 2372 presentibus,
1748 2302 1798 2357 sed

91 2387 223 2445 rusalem
249 2405 364 2461 sempor
389 2391 570 2458 adversetur,
596 2388 683 2446 exirit
713 2388 839 2461 populns
861 2388 925 2471 net,
979 2386 1151 2444 absentibus
1169 2387 1279 2444 dixerat
1303 2387 1447 2444 Dominus
1472 2387 1587 2444 mulieri
1600 2389 1798 2448 samaritane.

91 2478 206 2533 dellens
226 2481 255 2534 et
278 2477 432 2546 conlltees,
458 2478 537 2550 quod
563 2479 737 2550 peregrinus
761 2478 800 2534 sit
821 2485 849 2534 et
872 2479 922 2535 nd·
980 2475 1062 2533 Unde
1076 2484 1103 2532 et
1118 2475 1258 2534 mirantes
1271 2475 1408 2534 dicebant
1421 2477 1458 2532 nd
1473 2476 1609 2534 invicem.

92 2584 170 2623 rena
185 2583 275 2639 super
294 2571 402 2624 terram
419 2567 512 2640 (hebr.
528 2568 571 2640 ιι),
596 2567 752 2624 clamando
773 2569 809 2624 ad
835 2567 922 2624 alter·
1015 2587 1029 2617 ιι
1046 2565 1299 2639 Nunquideliquis
1310 2565 1405 2623 attulit
1414 2565 1440 2622 ei
1451 2566 1649 2624 manducare?
1660 2589 1675 2618 ιι
1691 2569 1798 2626 litcdcm

93 2661 218 2712 utrum:
247 2677 262 2708 ιι
284 2657 429 2714 Essemus
454 2656 491 2712 nd
524 2674 591 2713 eum
624 2663 706 2714 extra
738 2666 841 2724 cestre,
864 2657 923 2713 im·
979 2655 1065 2711 modo
1080 2654 1110 2710 ie
1123 2654 1222 2711 verbis
1237 2655 1301 2726 ejus
1316 2654 1426 2714 carnali
1442 2654 1799 2730 sensucnligabsnt,cum

92 2745 264 2818 properium
279 2745 343 2816 ejus
358 2749 518 2817 portantes.
535 2747 598 2804 Non
614 2745 691 2807 eniru
707 2746 851 2802 babemus
876 2747 923 2803 hic
978 2742 1087 2800 diceret
1099 2742 1160 2800 eis:
1178 2759 1190 2784 s
1206 2743 1263 2814 lige
1279 2743 1371 2800 beben
1393 2743 1490 2802 cibum
1510 2745 1696 2812 manducare,
1713 2763 1799 2818 quem

93 2838 263 2890 monentem
294 2833 452 2904 civilatem,
486 2835 537 2891 sed
576 2835 703 2891 luturnnn
741 2834 923 2906 inquirimus
978 2848 1028 2889 res
1043 2832 1275 2906 nesciensque
1289 2837 1316 2890 cl
1329 2832 1510 2892 samaritane
1534 2834 1650 2906 mulier,
1674 2851 1742 2892 cum
1764 2835 1800 2892 de

93 2925 188 2994 (llctr.
205 2925 281 2992 serr).
298 2945 313 2974 ιι
978 2937 1055 2993 aque
1072 2921 1136 2977 viva
1151 2937 1211 2978 ase
1222 2920 1799 2996 patendaveldaudsloqucreturei.Nnu

128 3035 142 3062 ιι
157 3013 274 3068 Interes
289 3013 432 3085 regebant
445 3029 513 3068 eure
529 3012 666 3083 discipuli
683 3013 813 3070 dicentes
825 3030 832 3070 ε
846 3012 925 3068 Rsb-
978 3025 1046 3082 ergo
1062 3009 1169 3067 mirum
1185 3012 1263 3082 quod
1278 3009 1329 3068 ille
1341 3009 1372 3067 ie
1388 3027 1470 3084 aque
1485 3011 1624 3069 vocabule
1644 3011 1798 3079 haesitavit,

92 3103 132 3170 hi,
149 3103 309 3159 mendum.
325 3101 376 3157 Ille
388 3107 486 3157 eutem
503 3101 577 3159 dixit
591 3102 652 3158 eis:
670 3103 727 3174 bigo
748 3101 844 3158 cibum
869 3102 921 3157 hs·
978 3113 1045 3154 cum
1061 3097 1110 3154 isti
1125 3098 1154 3154 in
1169 3098 1224 3154 eibi
1242 3098 1361 3156 nomine
1376 3098 1449 3156 nihil
1466 3099 1624 3157 velociores
1638 3102 1674 3156 sd
1689 3099 1800 3157 intelli·

90 3193 144 3248 beo
162 3191 355 3259 manducare,
368 3207 455 3263 quem
468 3207 518 3246 ros
530 3190 659 3248 nescitis.
673 3211 687 3241 ιι
700 3159 958 3262 superstitionisC
978 3189 1106 3262 gendum
1122 3188 1241 3243 luerint.
1257 3187 1289 3244 ln
1307 3189 1361 3245 boo
1375 3205 1445 3246 sane
1468 3187 1573 3246 miram
1596 3190 1797 3262 digestionem
1893 3261 1895 3266 X

90 3279 223 3336 Jndaice
239 3279 295 3335 boc
310 3283 383 3348 crat,
399 3295 457 3351 que
468 3278 604 3350 discipuli
614 3279 683 3335 teau
696 3279 922 3335 mirebeuterde
974 3291 1070 3350 operm
1086 3276 1210 3349 pretium
1230 3277 1380 3334 attendere
1404 3277 1553 3350 sapientie
1577 3278 1639 3349 Dei,
1666 3294 1731 3351 quc
1756 3279 1798 3336 eic

90 3367 155 3434 illo,
175 3368 333 3439 quiscum
355 3367 477 3424 muliere
493 3367 678 3425 Samaritana
702 3371 878 3440 toqueretur,
894 3371 924 3422 et
975 3365 1105 3438 pervelle
1120 3367 1337 3438 condescendit,
1354 3371 1387 3424 ut
1400 3383 1459 3424 non
1473 3367 1587 3424 omittat
1605 3367 1797 3440 qualemcun-

91 3461 194 3512 tamen
212 3456 292 3511 cibos
308 3472 414 3524 quesn
434 3455 628 3513 Samaritaeis
656 3461 798 3523 emerent,
819 3455 861 3512 illi
885 3455 922 3512 ad
975 3471 1032 3527 que
1048 3472 1110 3511 rem
1125 3457 1240 3512 occasio
1253 3455 1307 3511 sibi
1323 3457 1472 3528 objecerit,
1488 3458 1560 3530 quin
1571 3474 1623 3530 per
1638 3459 1703 3529 ejus
1714 3459 1795 3517 simi-

91 3545 337 3601 mneducendum
351 3545 522 3602 cllerebeet.
535 3544 641 3601 Verum
654 3545 741 3602 luerit
753 3545 813 3602 haec
825 3561 924 3601 cerea·
976 3545 1128 3602 litudiuern
1141 3546 1199 3601 illis
1210 3547 1406 3604 introducenti
1416 3549 1526 3617 studio,
1537 3550 1622 3620 qussi
1636 3565 1693 3622 pre
1704 3549 1797 3607 oculis

91 3633 126 3689 lis
151 3633 198 3690 val
226 3633 451 3706 qualiscunque,
472 3633 663 3706 superciliosa
689 3639 786 3692 temen
807 3634 925 3706 justitia
976 3635 1091 3692 exibeat
1105 3635 1263 3692 invisibilia
1280 3635 1418 3709 mysteria
1433 3637 1514 3710 regni
1537 3637 1599 3696 Del.
1620 3639 1694 3704 Quid
1719 3639 1798 3695 enim

90 3725 263 3780 Scribarum
280 3729 308 3779 et
324 3724 546 3792 Pharlsaecrum,
565 3732 595 3780 ut
617 3725 653 3779 eh
683 3724 854 3794 alienigenis
878 3741 926 3780 co·
977 3724 1084 3780 emittit
1104 3725 1153 3796 qni
1179 3740 1236 3781 non
1260 3741 1361 3797 regum
1386 3726 1514 3799 euplius,
1539 3742 1593 3782 neo
1622 3726 1798 3799 piscatorum

89 3817 226 3868 emerent
238 3813 370 3884 quidem,
386 3815 435 3868 sed
448 3811 616 3868 nnlletenus
628 3817 805 3884 preepnretos
819 3812 929 3870 abillis
976 3829 1110 3885 sagenas,
1127 3830 1185 3870 non
1201 3814 1371 3884 margarites
1382 3816 1594 3886 negotiatorum
1606 3815 1712 3888 (batth.
1728 3817 1800 3887 stul.

88 3902 234 3958 cibessut
246 3906 347 3974 potum
358 3902 546 3974 propinatum
559 3901 928 3972 perciperentllludomit·
977 3919 1029 3958 uec
1044 3907 1155 3960 veteres
1181 3908 1278 3958 uteros
1295 3903 1474 3959 vinariorum
1489 3903 1566 3973 (Luc.
1583 3905 1621 3976 v),
1649 3921 1705 3960 nen
1731 3906 1803 3961 ficus

89 3993 216 4048 tendum
236 4007 294 4046 non
312 3994 368 4058 est,
386 3991 595 4063 propterquod
612 3989 677 4054 hcc,
702 3995 871 4062 caeteraque,
894 3973 926 4044 et
977 3991 1076 4063 (llere.
1093 3990 1157 4063 xrrr)
1172 3995 1222 4048 aut
1237 3991 1346 4060 vineas,
1364 4007 1591 4063 nequegrunum
1603 3991 1800 4063 sinapisttuc.

83 4084 147 4154 jem
164 4082 279 4138 dictum
296 4085 341 4137 est
356 4086 421 4138 ecte
434 4079 480 4137 vel
494 4079 663 4153 conscripta
684 4084 763 4146 sunt,
790 4078 923 4136 videlicet
977 4079 1060 4150 xvrr),
1076 4079 1217 4134 nimirum
1234 4081 1310 4135 ieter
1324 4079 1437 4134 minuta
1453 4079 1580 4151 preterit
1593 4078 1672 4136 olera
1688 4079 1753 4136 tlte
1767 4081 1802 4136 de

89 4173 167 4243 quod
187 4170 296 4227 Seribae
307 4175 336 4226 ct
349 4168 482 4226 Pharisei
494 4173 597 4240 gentes
607 4169 758 4241 despectui
772 4168 923 4237 babentes,
977 4167 1102 4241 singulis
1110 4167 1657 4226 eireilitndieescoelestiemcarnelibus
1666 4169 1801 4243 explicet,

87 4267 115 4315 ct
130 4259 233 4317 cuncti
253 4275 324 4330 pene
338 4258 430 4314 Judaei
445 4259 570 4315 salutem
581 4273 682 4314 esrum
694 4257 759 4315 odic
771 4257 921 4326 hebentes,
977 4262 1011 4315 ut
1026 4264 1165 4331 tanquam
1181 4257 1212 4315 in
1236 4258 1313 4315 notis
1337 4261 1367 4314 et
1391 4258 1561 4332 vulgaribus
1581 4260 1709 4330 speculis
1730 4260 1801 4319 eolis

89 4349 264 4420 gnudebnnt
275 4352 373 4404 temen
389 4347 467 4418 quod
484 4345 540 4418 ipsi
557 4363 640 4420 reges
655 4351 683 4402 et
707 4346 854 4420 principes
879 4344 922 4402 lo·
975 4347 1137 4420 imaginem
1151 4347 1277 4415 videant,
1295 4348 1346 4419 qui
1362 4348 1426 4419 eius
1441 4344 1597 4420 splendore
1620 4349 1706 4421 egris
1732 4365 1801 4408 ccu-

88 4455 156 4494 cum
171 4452 305 4510 persaepe
320 4451 437 4492 summo
453 4435 562 4492 honore
577 4435 699 4508 dignum
720 4436 868 4501 decerent,
894 4439 923 4492 et
975 4435 1016 4491 lis
1032 4437 1105 4494 terre
1121 4453 1179 4492 non
1195 4437 1351 4494 sustinent.
1377 4437 1425 4492 Sic
1449 4453 1527 4494 nunc
1552 4437 1668 4494 mulieri
1693 4455 1800 4510 equam

89 4527 238 4600 templum
255 4525 391 4581 maximis
407 4524 580 4582 muneribus
592 4522 784 4592 illustrarent,
796 4525 920 4580 interdm
936 4518 959 4581 Ι)
975 4526 1118 4582 haurienti
1136 4527 1191 4582 sub
1207 4527 1325 4584 nemine
1340 4543 1424 4599 eques
1440 4528 1475 4582 de
1497 4527 1592 4600 gratia
1615 4527 1730 4584 locutus
1756 4533 1801 4586 est

86 4617 164 4672 etde
181 4613 247 4671 suis
264 4613 406 4670 reditibus
422 4617 594 4685 prestarent
612 4617 748 4686 sumptus
773 4612 808 4668 nd
834 4613 919 4670 reini-
975 4615 1100 4688 Spiritus
1121 4614 1226 4684 sancti,
1253 4624 1283 4671 ut
1307 4630 1341 4671 es
1366 4615 1627 4674 commoditatibus
1651 4634 1733 4689 eque
1757 4620 1800 4676 vi·

85 4703 247 4761 nisterium
257 4701 466 4760 sacrificiorum
477 4702 669 4775 pertinentes.
680 4707 711 4758 lu
721 4701 918 4774 hoc,iuquem,
975 4703 1069 4760 sibilis
1084 4720 1172 4776 quam
1189 4703 1354 4770 hauriebat,
1363 4704 1500 4760 virtutem
1515 4707 1707 4778 perpenderet
1717 4723 1800 4778 aquea

84 4795 271 4864 gaudebant,
286 4809 354 4850 curn
370 4792 513 4850 haherent
528 4809 634 4850 menes
661 4792 788 4866 pollutas
812 4793 919 4850 Christi
974 4793 1051 4851 159
1067 4793 1235 4860 invisibilis,
1250 4810 1339 4865 quum
1355 4793 1512 4850 nesciebat.
1536 4794 1584 4850 Sic
1606 4795 1800 4852 nibilominus

85 4883 248 4958 sanguine,
274 4881 444 4954 hujusmodi
470 4882 613 4940 sacrificia
634 4884 798 4950 offerentes,
823 4883 920 4938 adbuc
975 4883 1055 4939 cibos
1071 4882 1261 4940 offerentibus
1276 4883 1474 4955 incorporeos,
1490 4883 1527 4939 de
1548 4897 1685 4954 corporeo
1706 4882 1800 4952 loqui·

86 4979 187 5030 tnmen
209 4973 321 5042 fideles,
336 4973 385 5045 qui
400 4977 483 5028 eraut
497 4989 530 5030 es
545 4972 767 5030 circumcisione
790 4973 825 5029 de
854 4972 918 5030 illo·
975 4976 1023 5028 tur
1044 4971 1119 5042 cibo,
1140 4978 1170 5027 ut
1191 4987 1224 5027 ex
1248 4988 1387 5044 corporea
1408 4971 1573 5028 relectionis
1595 4969 1799 5040 similitudine,

85 5081 150 5120 rum
169 5061 326 5136 privilegio
344 5079 411 5118 cem
429 5061 919 5134 gentibusaltercabantnrtudao-
975 5061 1111 5116 ostendet
1135 5059 1343 5128 voluntarium,
1367 5061 1428 5117 imo
1451 5065 1480 5116 et
1503 5059 1631 5132 optabile
1660 5060 1717 5116 sibi
1738 5077 1802 5118 esse

85 5171 149 5210 rnre
178 5151 390 5209 tantummode
415 5151 645 5221 conversionem,
667 5151 745 5206 uelut
779 5151 920 5208 rnrrndum
975 5149 1177 5221 operariopus
1202 5147 1308 5207 saletis
1333 5154 1449 5205 nostre.
1472 5149 1553 5214 cuod
1577 5148 1724 5221 quianon
1750 5151 1801 5206 ed-

87 5239 920 5312 cibum,christocoulcndantesescenderendem,gen·
974 5243 1124 5294 uerterunt
1149 5238 1244 5310 prime
1276 5239 1339 5309 ejus
1369 5239 1506 5306 dictione,
1535 5237 1671 5292 dixerunt
1701 5237 1802 5314 enirn,

88 5330 156 5387 tiles
169 5335 286 5396 numm,
303 5328 381 5384 sicut
395 5339 474 5400 petro
497 5345 548 5398 per
571 5329 667 5384 visum
690 5335 841 5384 ostensum
867 5337 919 5396 est,
976 5350 990 5378 ιι
1007 5327 1146 5399 Nunquid
1163 5326 1273 5400 aliquis
1287 5327 1383 5383 attulit
1397 5329 1440 5382 cis
1456 5327 1632 5382 manducare
1643 5326 1656 5380 ‘l
1667 5349 1682 5376 ιι
1708 5327 1800 5398 proti·

88 5421 167 5475 relut
177 5417 335 5475 immunda
344 5417 712 5489 quadrupediatcrrmplrt.
724 5417 774 5488 rx),
786 5417 920 5488 indignos
976 5435 1031 5473 eus
1040 5419 1214 5474 subsecutus
1224 5417 1358 5487 adjungit
1370 5433 1376 5472 :
1390 5439 1403 5466 ιι
1415 5415 1495 5470 llcus
1508 5415 1590 5472 cibus
1599 5419 1644 5471 est
1654 5417 1687 5470 ut
1697 5415 1800 5473 leniam

89 5507 354 5580 repetentestlnm
369 5505 921 5578 irrtcrcequidnmdebaeresiPhorisaeu·
976 5509 1155 5567 uoluntatem
1172 5508 1264 5563 Petris
1282 5509 1348 5572 mci,
1366 5516 1396 5563 ut
1417 5505 1564 5579 perficiam
1592 5523 1666 5580 opus
1692 5507 1766 5578 ejus.
1784 5528 1799 5557 ιι

90 5613 154 5654 rum
174 5595 228 5668 qui
243 5596 436 5652 crediderent.
454 5599 610 5668 sergentes
629 5595 777 5653 dicerent:
792 5611 848 5652 nou
873 5613 919 5654 so·
977 5600 1038 5665 Quo
1051 5599 1129 5654 dicto
1145 5601 1275 5670 patenter
1289 5595 1400 5654 indicat
1414 5611 1503 5668 quem
1519 5594 1720 5668 spontancaln
1735 5613 1801 5669 ope·
