3952 6056
164 253 225 316 2⁰3
716 251 890 314 auruum
912 251 1081 314 lustris
1102 251 1327 317 ‘rbtltsltsts
1553 263 1564 278 '
1814 244 1873 310 204

164 389 226 445 heo
240 392 285 444 est
298 387 349 444 ille
364 387 484 461 nigredo
500 403 616 459 magne,
633 403 692 458 qua
706 385 736 441 in
753 385 846 444 oculis
861 403 962 443 eorum
978 391 1058 460 nipro
1073 405 1147 456 rum,
1163 389 1261 462 inquit
1275 387 1373 445 anima
1389 401 1464 451 mae,
1480 383 1554 440 sicut
1567 379 1753 440 tabernaculo
1767 379 1869 438 Cadur.

164 479 251 536 liunt
267 489 513 548 mc‚arrogentom
525 483 554 532 et
569 475 779 532 incredibiliter
789 479 911 544 elatum,
922 478 1034 534 nullum
1048 481 1107 551 pati
1120 480 1214 535 virere
1225 480 1345 550 probum
1358 475 1495 533 clericum
1506 475 1576 546 (quo
1589 470 1706 531 nornine
1717 471 1801 542 desig
1815 470 1867 534 zati

164 584 228 623 mos
237 574 281 622 eet
296 571 508 636 cujuscumque
521 565 634 621 ordinis
647 567 687 620 vel
702 565 958 622 bebitusvslsnter
970 568 1152 638 litteratum),
1162 568 1275 623 nullum
1287 565 1431 636 ejusmodi
1443 565 1550 630 sinere,
1561 563 1633 633 quio
1649 560 1733 616 illum
1745 575 1868 630 arguam

164 673 226 712 csse
238 656 415 714 hoereticum.
433 655 491 710 Hoc
507 657 647 711 nimirum
664 660 708 711 set
724 671 789 714 esse
804 660 847 710 vel
863 656 919 712 dici
937 658 1051 724 aiprum
1067 659 1145 714 sicut
1161 657 1385 714 tabernaculum
1403 655 1505 722 Csder,
1523 655 1558 708 de
1573 668 1631 723 quo
1647 651 1788 722 scriptum
1805 653 1867 704 est:

161 749 257 802 llnuur
271 746 331 814 ejus
345 750 440 800 corrlrc
453 761 558 812 cmiter,
573 749 599 800 et
612 761 711 800 monus
725 761 849 801 coritium
863 755 958 802 contro
971 763 1050 816 com,
1066 752 1092 803 et
1106 764 1120 804 c
1134 746 1246 818 cepione
1259 747 1453 804 uniuersorum
1467 747 1591 816 lectrum
1607 756 1719 796 suorum
1738 740 1804 810 finci
1823 746 1868 794 tc·

161 833 320 892 herunculo.
338 832 413 905 (Gen.
430 835 498 903 xor.)
515 833 587 897 Quid
605 835 739 899 lucerent,
756 834 864 890 Peter?
882 834 932 892 llio
950 836 1020 891 mibi
1036 841 1186 894 veritatem
1199 837 1329 908 corporis
1344 827 1659 912 etsuosuiuisDomini
1671 829 1785 888 aut'erre
1796 841 1865 887 coo·

157 923 306 988 tendebat,
324 921 470 986 bicellus
485 923 636 978 doctorum
650 929 818 982 nostrorum
834 929 944 994 scripta
954 941 1006 980 eur
1020 943 1099 995 aenue
1115 931 1147 982 ut
1163 927 1370 998 prophetorum
1383 928 1411 979 et
1422 920 1621 994 apostolorum
1638 918 1863 990 Scripturasou·

159 1011 269 1066 nonies
286 1012 469 1066 auctoritatis
484 1027 549 1066 esse
565 1027 622 1068 non
638 1011 775 1079 dicarem,
791 1012 905 1084 ingenti
921 1013 988 1069 odiu
1004 1015 1168 1070 accusabat.
1184 1014 1266 1070 Alius
1282 1029 1349 1069 vero
1365 1013 1457 1068 Deum
1468 1009 1541 1067 velle
1554 1006 1664 1064 malum
1677 1005 1864 1078 predicebat,

160 1094 299 1171 idemque
314 1099 407 1155 etalii
425 1099 558 1154 nonnulli
568 1099 714 1155 hominem
729 1100 1038 1166 Christumdtomincm
1054 1119 1152 1159 nouum
1167 1105 1378 1176 quiescendum
1393 1102 1478 1156 brom
1490 1104 1600 1156 creatur
1610 1103 1650 1152 est
1664 1097 1700 1166 (tl
1710 1095 1808 1166 splen.
1819 1093 1870 1162 tu).

161 1189 191 1242 et
206 1187 234 1242 in
252 1189 390 1244 unitatem
410 1205 539 1258 persone
555 1205 622 1244 oum
639 1193 695 1245 Dec
714 1191 802 1245 rsrbo
817 1197 986 1261 assumptus
1001 1197 1056 1258 est,
1072 1209 1179 1266 quippe
1195 1199 1263 1249 ento
1287 1192 1454 1264 passionem
1470 1205 1527 1245 ocu
1545 1186 1639 1243 solum
1657 1185 1753 1252 Putre,
1769 1197 1869 1238 verum

163 1275 246 1332 etium
260 1277 372 1350 engolis
388 1278 450 1334 suis
467 1277 629 1334 secundum
644 1278 853 1336 humanitatem
871 1282 966 1338 minor
975 1287 1037 1337 eret
1052 1285 1060 1348 l
1067 1284 1139 1339 Prot.
1156 1285 1226 1354 vni),
1243 1281 1324 1338 nullo
1341 1281 1428 1337 modu
1444 1279 1481 1336 ad
1495 1275 1692 1349 equalitatem
1704 1273 1753 1330 Dei
1770 1287 1869 1344 perve-

162 1365 243 1420 nisse
258 1367 483 1424 contendebant.
500 1367 541 1423 Dc
557 1368 664 1439 quibus
679 1368 816 1424 omnibus
832 1370 861 1425 io
877 1370 936 1426 illis
952 1371 1141 1443 apologeticis
1157 1371 1228 1428 meis
1243 1371 1424 1427 sufficienter
1438 1367 1659 1436 enarrariquos
1675 1367 1743 1426 aute
1758 1361 1819 1417 burc
1834 1361 1869 1416 ud

161 1453 351 1512 scholasticos
366 1456 569 1512 ecclesiasticae
585 1457 713 1514 scientie
728 1463 756 1513 et
770 1459 837 1515 lldei
853 1461 967 1533 scripsi,
983 1466 1022 1530 te,
1039 1479 1056 1516 o
1070 1462 1210 1518 abbatum
1225 1461 1411 1534 dignissima,
1427 1465 1514 1530 utque
1531 1456 1604 1528 ipsis
1618 1453 1743 1510 testibus
1756 1457 1869 1508 alcon·

162 1545 232 1600 sciis
247 1545 317 1617 quis
329 1545 482 1602 reriseimu
495 1547 592 1602 rotuli.
602 1548 775 1620 Ouidigrtur
786 1550 980 1616 lacerein,nisi
991 1567 1006 1605 e
1016 1551 1264 1622 regiooeietorum
1277 1550 1410 1606 omnium
1423 1543 1610 1604 tabernacula
1621 1543 1739 1615 ssgercm
1752 1557 1871 1598 eorum·

164 1651 220 1705 qua
236 1635 302 1692 odia
317 1637 448 1706 gratuita
461 1653 530 1708 pace
546 1638 676 1707 ipsorum
695 1638 805 1708 potiore
815 1639 972 1695 ducerem?
983 1639 1135 1696 Grutisme
1147 1640 1319 1712 impugnent
1330 1635 1554 1695 elleboroscula
1564 1631 1814 1690 meoeioutCedar
1825 1629 1871 1684 ni-

164 1739 218 1794 gre
232 1741 296 1781 esse
311 1725 456 1790 dictitent,
472 1725 622 1797 superabit
637 1727 755 1782 tandem
771 1727 888 1798 veritae,
904 1728 934 1784 in
950 1730 1035 1800 cujus
1059 1745 1108 1785 ore
1120 1729 1245 1784 candido
1257 1729 1404 1802 judicium
1434 1741 1529 1782 meum
1546 1723 1705 1796 repositum
1723 1725 1776 1788 est,
1793 1719 1872 1790 quod

167 1815 265 1886 potius
283 1817 408 1870 formosa
426 1814 464 1869 sit
478 1816 638 1870 secuudum
657 1815 744 1871 lidcm
759 1821 787 1871 et
803 1817 995 1873 intentionem
1013 1818 1111 1873 noima
1127 1835 1190 1874 meu
1205 1818 1277 1874 sicut
1291 1817 1377 1890 peiles
1388 1811 1692 1884 Solomooin,qnasille
1703 1808 1873 1866 demortuis

165 1902 345 1960 animalibus
360 1905 502 1970 extendit,
522 1905 558 1958 de
573 1904 631 1960 illis
646 1905 695 1976 qui
714 1905 740 1959 vi
758 1908 996 1976 persecutionum
1013 1909 1289 1980 propterjustitiam
1306 1918 1372 1964 sunt
1388 1906 1552 1962 mortificati
1569 1904 1660 1975 (Heln.
1675 1901 1723 1974 xi),
1742 1900 1872 1954 Breviter

164 2009 243 2048 uuirc
259 1993 309 2047 tibi
323 1993 430 2064 pundo,
441 1995 517 2064 quod
531 1993 572 2049 vel
586 1996 732 2064 qnonrodo
747 1999 879 2052 sentiens
889 1999 924 2053 de
939 1998 1051 2052 vivifico
1062 1999 1192 2068 corporis
1202 1997 1391 2069 utssoguinie
1404 1995 1517 2051 Domini
1537 1997 1716 2049 sacramento
1728 1995 1871 2044 tractore-

164 2081 220 2136 rim
238 2082 287 2138 ille
303 2081 434 2152 ejusdem
450 2083 566 2143 Domini
578 2086 1095 2157 verl=a‚qoibuesacramentumillud
1109 2087 1451 2160 commendet,quoniem
1465 2099 1617 2148 causarum
1635 2079 1870 2154 supradictarum

168 2171 262 2244 perime
279 2171 340 2226 haeo
355 2171 545 2228 erst:'fribue
561 2175 694 2230 essentis
711 2177 806 2231 modis
822 2193 927 2248 corpus
942 2181 1102 2249 ctssnguis
1113 2179 1219 2232 Christi
1233 2182 1402 2248 est‚qunrto
1414 2180 1511 2230 eutem
1524 2169 1808 2228 dillcrt.Estctenim
1822 2183 1873 2222 no-

163 2261 252 2326 mina,
269 2277 298 2316 re
316 2273 403 2332 atque
417 2261 520 2316 effectu
533 2263 645 2329 ;dillert
659 2280 727 2320 vero
742 2265 1273 2338 specis.Eet‚ioquam‚nomine‚quia
1287 2281 1425 2320 summus
1436 2263 1574 2319 emiorum
1591 2259 1872 2331 pontilex‚qui,oum

164 2351 204 2406 sit
220 2349 283 2421 ipss
298 2351 413 2416 veritae,
431 2353 550 2406 nomino
567 2369 624 2408 oon
640 2370 714 2409 runs
730 2355 818 2413 rebus
834 2371 938 2426 ponere
955 2356 1039 2422 solet,
1056 2357 1128 2414 aduc
1145 2356 1258 2418 l'ortilsr
1272 2371 1375 2411 nomen
1394 2353 1448 2410 hoc
1463 2351 1623 2424 impressit,
1640 2354 1672 2404 ut
1692 2365 1749 2402 non
1766 2346 1870 2402 sallom

165 2439 295 2494 diceret:
314 2437 372 2494 Hoc
388 2444 505 2494 vocetur
520 2457 627 2512 corpus
642 2459 751 2508 mcum,
769 2443 824 2499 boc
839 2451 955 2499 vocetur
970 2445 1090 2508 sani-uis
1106 2461 1199 2512 meus,
1215 2445 1267 2500 sed
1287 2445 1339 2499 Hoc
1362 2450 1413 2512 est,
1428 2441 1536 2513 inquit,
1564 2454 1663 2511 corpus
1693 2453 1795 2502 roseum,
1827 2435 1874 2490 liic

164 2537 204 2584 eet
217 2529 333 2596 sanquis
357 2543 434 2582 meua
449 2529 561 2598 (llutllr.
584 2532 669 2602 xxvi).
687 2531 737 2586 Est
752 2533 840 2587 otiam
859 2549 898 2602 rc,
916 2533 985 2608 quia
1002 2532 1140 2589 nimirum
1154 2533 1292 2589 Sanctum
1309 2537 1477 2588 sanctorum
1491 2535 1546 2594 est,
1561 2544 1648 2600 quom
1665 2542 1729 2582 rere
1761 2525 1789 2580 io
1820 2523 1873 2578 ille

166 2615 338 2688 spatiaque
349 2617 474 2672 traditus
489 2624 518 2672 et
534 2619 680 2676 lanceotus
696 2623 821 2692 cst‚ipse
837 2625 962 2678 Sanctus
978 2625 1270 2680 sauctorumesl.Esl
1289 2619 1604 2686 nibilominusclleots‚
1621 2616 1790 2688 quisquam
1804 2629 1872 2668 rere

164 2707 194 2762 iu
211 2705 261 2762 ills
276 2705 452 2778 specieque
467 2710 603 2780 pependit
618 2709 647 2766 io
663 2726 759 2780 cruce,
776 2711 979 2771 remissionem
997 2717 1179 2786 peccaturum
1197 2719 1389 2786 operatusest
1404 2710 1542 2768 omnibus
1557 2708 1608 2779 qui
1620 2707 1700 2762 illum
1718 2711 1872 2775 exspecte-

162 2795 426 2866 verentsburigiue
443 2797 619 2856 mendicum
636 2799 771 2866 lide,sive
783 2799 926 2874 legalibus
942 2804 1135 2860 sacramentis
1146 2802 1475 2870 fideiomoibue‚eiusto
1484 2797 1655 2868 ebolusque
1666 2795 1701 2850 uti
1714 2793 1870 2860 isiconem,

165 2901 251 2956 quem
269 2885 298 2940 io
314 2900 399 2940 cruce
414 2889 603 2944 confitentem
620 2897 767 2961 suscepit:
784 2897 844 2947 tam
861 2908 926 2948 rere
942 2893 969 2947 io
987 2893 1034 2947 isti
1050 2894 1205 2964 speciebus
1222 2892 1305 2963 panis
1316 2897 1344 2947 et
1359 2891 1416 2946 viui
1428 2889 1708 2958 eumdemopcrntur
1723 2884 1873 2942 remissio·

166 2990 232 3030 nem
252 2979 437 3046 peccatorum
454 2976 648 3050 omnibusqui
659 2978 783 3050 ingrcssi
796 2985 865 3035 sunt
875 2981 917 3036 vel
931 2980 1137 3052 ingrediuntur
1148 2983 1183 3036 od
1196 2981 1328 3037 eumdem
1342 2980 1439 3048 lldenr,
1449 2984 1603 3054 postquem
1617 2974 1665 3030 dtu
1677 2971 1788 3044 specics
1801 2971 1870 3028 bino

163 3063 301 3120 transivit
317 3067 345 3119 ct
360 3065 464 3120 sessio
480 3066 582 3122 coelum
600 3071 715 3142 reecpit.
734 3071 847 3134 Quanto
862 3071 940 3126 idern
960 3071 1056 3140 specio
1071 3071 1177 3138 differt,
1192 3075 1268 3142 quod
1285 3073 1313 3126 et
1330 3069 1490 3142 plurimum
1508 3067 1635 3138 prodest,
1654 3079 1710 3118 non
1728 3061 1816 3117 modu
1835 3077 1872 3118 nu

165 3157 302 3212 coloraut
314 3173 401 3228 sapor
416 3158 571 3228 seoguinis
581 3158 701 3214 humani
720 3160 866 3214 horrorum
879 3161 1064 3216 sumentibus
1076 3160 1168 3216 ulium
1187 3161 1339 3224 l'aciut,sed
1356 3165 1384 3215 et
1401 3157 1620 3228 utcompetcoli
1632 3156 1763 3212 antidoto
1775 3155 1869 3210 otiolo

169 3253 323 3318 parentum
344 3253 508 3303 nostrorum
525 3254 639 3304 curetur
655 3249 1022 3306 credulitas.Credidcrunt
1033 3251 1110 3306 enirn
1125 3252 1270 3322 deceptori
1283 3250 1434 3306 diaboloiu
1446 3265 1479 3305 eo
1494 3249 1571 3320 quod
1590 3263 1646 3302 nou
1659 3243 1871 3314 videbantsci·

164 3337 328 3410 licet,quod
342 3335 384 3390 illi
396 3334 475 3406 ligno
491 3339 702 3408 consequendo
715 3339 875 3394 divinitatis
887 3341 1017 3395 effectivo
1032 3340 1125 3395 virtus
1141 3341 1261 3407 ini-sset,
1272 3346 1299 3396 et
1316 3339 1422 3395 mortui
1435 3336 1870 3395 comedentesnuntiircdumus

160 3429 276 3478 eooolrn
294 3423 372 3478 lldeli
388 3427 523 3480 salvatori
544 3431 598 3481 bro
616 3429 642 3480 in
657 3443 690 3482 eo
709 3426 788 3498 quod
804 3445 860 3484 ooo
878 3429 1022 3495 videmus,
1039 3429 1151 3485 scilicet
1168 3446 1271 3502 penem
1287 3435 1316 3486 et
1332 3431 1429 3486 riuum
1444 3431 1474 3486 in
1491 3445 1587 3485 rerem
1603 3424 1732 3498 corporis
1751 3429 1779 3480 el
1794 3439 1869 3480 suu-

160 3511 260 3585 guiole
276 3512 418 3570 transisse
434 3515 629 3570 substantium
645 3521 674 3572 et
688 3517 874 3573 comedentes
889 3522 978 3588 atque
992 3517 1127 3574 bibentes
1141 3519 1273 3576 vivamus
1288 3519 1317 3574 iu
1334 3523 1487 3576 aeteroum.

164 3683 468 3706 *flu—m

524 3792 576 3852 ⁰⁰
619 3813 1065 3940 PROLOGUS
1112 3817 1489 3942 RUPERTI

749 4013 788 4074 ΙΝ
812 4011 1071 4078 uvtuuuttult
1093 4010 1271 4080 JOANNIS.

191 4331 358 4412 Discipulos
369 4355 456 4412 quem
472 4333 722 4410 diligebleosus‚
737 4335 788 4408 qui
803 4339 832 4390 et
847 4335 981 4392 recubuit
995 4343 1022 4419 Α
1037 4337 1172 4397 doctrino.
1189 4341 1221 4396 Et
1237 4341 1299 4397 inite
1313 4339 1471 4408 compulsor
1487 4339 1520 4394 ab
1548 4337 1675 4396 omnibus
1702 4351 1772 4410 petre
1798 4339 1866 4392 lunc

156 4429 186 4484 io
199 4446 281 4486 coeua
295 4445 383 4502 super
399 4432 498 4498 pectus
513 4425 765 4500 ejectionem),
779 4442 875 4482 verum
891 4425 981 4483 cidem
1037 4430 1111 4487 leisc
1126 4428 1270 4500 episcopis,
1286 4437 1312 4486 et
1332 4428 1434 4486 indicto
1448 4427 1700 4500 omatibusjcjunio.
1717 4427 1865 4482 Dominum

155 4517 282 4576 dilectori
295 4533 344 4574 suo
364 4515 557 4573 testimonium
571 4513 693 4588 perbibet
708 4514 738 4568 in
754 4513 899 4586 Evnrrpelio
920 4531 980 4581 suo,
1034 4526 1174 4591 precatus,
1191 4536 1223 4576 oe
1247 4521 1340 4576 suncti
1354 4517 1475 4592 Spiritus
1506 4519 1599 4590 pretio
1627 4516 1792 4582 inebriatur,
1810 4515 1866 4571 dcc

153 4607 224 4680 quod
239 4607 275 4664 sit
293 4607 415 4664 doristus
431 4606 519 4662 Filius
534 4605 592 4674 Dei,
609 4605 642 4660 td
656 4611 705 4670 est,
717 4603 787 4680 quod
799 4619 853 4658 non
870 4611 980 4669 tontum
1037 4609 1217 4679 Euoupelium
1227 4608 1347 4681 scripsit,
1358 4609 1508 4680 ortonnes
1519 4607 1713 4665 baereticorum
1725 4606 1863 4673 tenebras,

153 4703 243 4764 tomo,
259 4699 288 4755 in
304 4701 360 4770 fine
374 4699 542 4756 secutorem
557 4697 638 4751 nolus
655 4710 690 4752 rx
704 4697 781 4754 utero
799 4692 981 4766 timenreut
1035 4698 1172 4771 potesocto
1186 4699 1276 4756 sclito
1295 4699 1420 4755 veritatis
1446 4698 1515 4764 luco,
1531 4696 1657 4768 disperiit.
1677 4697 1775 4755 Tretos
1799 4711 1864 4751 cero

151 4798 217 4846 onte
229 4789 323 4844 omnia
338 4787 451 4852 sternio.
470 4787 537 4842 Deus
550 4800 585 4842 ex
601 4789 654 4840 {teo
671 4789 758 4845 Patre
770 4789 917 4854 pelleretur
928 4787 977 4840 eit.
1034 4788 1134 4857 operis,
1150 4789 1215 4860 poio
1233 4787 1367 4858 videlicet,
1385 4787 1453 4846 lctis
1468 4789 1581 4844 omnino
1602 4793 1650 4854 est,
1668 4785 1776 4859 qualem
1793 4784 1863 4856 ispi·

150 4877 181 4934 dt
194 4876 283 4937 rosiris
295 4875 405 4950 quietern
420 4874 517 4932 diuino
529 4871 978 4947 Scriptus-adiuuanteinspirato,
1034 4878 1100 4932 limi
1112 4877 1232 4946 postulnl
1247 4878 1311 4934 ordo
1328 4877 1571 4935 concurialium
1587 4874 1675 4932 ascito
1690 4891 1781 4932 serum
1795 4877 1866 4930 teste

155 4969 345 5024 testimonium
356 4967 480 5039 perbibet
491 4966 556 5022 liuic
567 4961 689 5032 veritali,
700 4963 747 5020 red
761 4963 844 5034 liujus
854 4968 979 5021 iriuxime
1033 4964 1101 5032 otio,
1117 4983 1173 5021 non
1186 4967 1278 5022 minas
1293 4966 1400 5034 idoneo,
1415 4965 1535 5034 scilicet,
1549 4966 1655 5022 ¹lucisne
1677 4963 1813 5036 Baptista,
1829 4967 1864 5017 ut

150 5057 202 5114 lice
225 5061 395 5134 propositum
418 5071 485 5124 esse,
507 5064 562 5115 tum
586 5069 669 5110 causo
694 5068 779 5124 quum
804 5052 862 5125 ipsc
885 5062 978 5113 tectus
1032 5056 1089 5112 sint
1105 5061 1183 5112 testes
1198 5057 1260 5112 duo.
1276 5055 1333 5112 Non
1345 5058 1419 5114 enim
1432 5057 1525 5111 minus
1538 5055 1659 5128 punmin
1671 5071 1720 5111 ore
1733 5054 1861 5109 duorum

149 5145 241 5214 operis
256 5149 405 5218 manifeste
419 5141 649 5218 deleiidildouso
663 5140 800 5206 videlicet,
812 5141 879 5214 quic
892 5145 975 5200 misso
1035 5144 1151 5202 testium
1168 5145 1257 5201 stabit
1272 5161 1358 5201 omne
1373 5145 1494 5202 verbum
1510 5145 1598 5216 (Dect.
1610 5144 1680 5216 nui).
1694 5141 1784 5200 dicito
1794 5157 1863 5211 erpo

148 5236 199 5292 illo
215 5234 246 5292 in
260 5232 592 5296 exsiliumcliomlticse
608 5231 666 5306 (qui
689 5230 899 5304 secundusport
924 5233 977 5290 lle·
1031 5234 1146 5305 lenone,
1175 5233 1353 5307 quiescitis
1380 5233 1581 5302 testimonium,
1611 5237 1643 5288 ut
1670 5233 1863 5292 testimonium

150 5341 246 5384 rocem
263 5324 495 5384 Christianorum
508 5325 668 5398 persecutor
682 5319 800 5390 exstitit)
819 5319 976 5396 irruperunt
1031 5323 1234 5396 peristereos
1262 5325 1378 5392 tamine,
1393 5323 1478 5398 dicto,
1507 5333 1563 5380 tom
1588 5322 1667 5382 titios
1689 5337 1772 5401 quom
1795 5337 1862 5392 suc,

147 5415 178 5469 in
194 5413 346 5481 Ecclesiam
363 5414 500 5487 liaeretici,
513 5413 595 5490 prosi
606 5413 634 5466 io
651 5408 783 5474 destituto
793 5410 905 5472 Pastore
919 5412 976 5476 otti·
1030 5418 1190 5494 [requenter
1201 5416 1329 5498 appellet
1343 5416 1542 5488 testimonium,
1557 5415 1651 5472 dicens
1665 5413 1700 5472 dc
1714 5413 1865 5486 semetipso

146 5501 186 5557 iic
204 5499 266 5572 lupi
280 5503 415 5572 aoraton,
431 5501 578 5560 Corinthus
593 5503 620 5558 et
634 5497 734 5569 atton,
758 5497 903 5573 ceterique
918 5499 975 5556 An·
1033 5505 1063 5560 io
1079 5505 1135 5576 fine
1150 5507 1291 5566 omnium:
1302 5504 1407 5562 Hicest
1417 5501 1864 5580 discipulue‚quitestimonium

142 5589 283 5660 sictritii.
298 5593 347 5665 poi
362 5592 500 5650 dimotum
515 5591 603 5664 scisse
622 5594 754 5662 nepentcs
768 5598 832 5646 note
847 5587 974 5658 iterium,
1032 5593 1169 5665 perbibet
1191 5595 1227 5650 de
1242 5594 1301 5662 bis,
1316 5599 1345 5652 ct
1364 5594 1481 5667 scripsit
1503 5593 1576 5664 haec,
1595 5599 1625 5650 et
1652 5593 1763 5649 scimus
1791 5591 1862 5663 qula

147 5681 357 5759 simplieitatem
372 5683 538 5752 manaem
554 5681 633 5754 fidei,
653 5695 781 5754 perverso
803 5679 975 5739 maculavere
1033 5699 1131 5742 rerum
1157 5688 1202 5742 est
1229 5684 1436 5744 testimouium
1460 5683 1527 5756 slus
1554 5684 1647 5757 (icor.
1674 5683 1743 5754 ur).
1772 5682 1862 5739 lastis
