3992 6048
27 307 29 338 ;
137 277 196 338 697

677 281 884 346 COMMENT.
906 283 951 344 IN
972 281 1080 345 tota.
1105 312 1144 330 -
1164 279 1242 342 LIB.
1265 280 1318 342 Xl.
1784 291 1842 354 698

138 411 209 464 dum
222 406 307 464 dicit:
320 407 440 482 alliquo
451 426 502 482 ega
512 411 585 468 vado
597 412 691 480 saitis,
715 419 744 470 et
755 414 829 470 viam
840 413 933 472 scitis.
947 436 961 464 a
976 415 1002 480 Α
1017 411 1244 486 accepistis,quo
1256 416 1357 468 vestre
1369 413 1840 487 animaedegustatasubstcntiam

139 498 241 570 utique
259 500 339 553 Petro
355 497 481 554 dicenti:
499 522 513 547 a
530 499 661 571 Domine,
679 518 737 576 quo
753 503 858 560 vadis?
874 525 888 554 a
905 520 962 560 non
1022 502 1066 560 vel
1084 507 1218 559 naturam
1234 502 1286 558 viri
1304 503 1360 573 sui,
1377 501 1488 560 scilicet
1502 504 1568 562 Filii
1584 507 1684 576 dolah
1701 511 1845 568 universis

141 587 214 643 dixit
229 586 328 644 statim
345 603 352 644 :
369 587 428 662 ligo
448 604 483 644 ex
503 589 555 646 hoc
580 592 691 649 mundo
715 597 841 666 transeo,
865 593 911 650 vel
926 594 962 650 ad

141 679 259 733 Patrem
274 677 358 746 vado,
375 678 425 734 scd
442 675 498 734 hoo
513 683 627 736 tantum
641 697 648 738 ε
660 704 675 733 «
691 685 753 748 Quo
768 700 820 756 ago
833 681 962 752 vad0‚in·

141 765 216 839 quit,
240 782 297 822 noa
323 771 404 839 potes
431 785 477 824 ms
497 770 584 825 modo
606 770 702 844 sequi,
716 772 847 844 sequeris
862 777 961 829 autem

140 859 250 928 postea.
269 877 284 905 n
310 857 436 912 Proinde
464 857 559 914 adhuc
586 861 726 918 omnibus
746 861 908 934 suspensis,
935 866 964 918 at

139 961 200 1016 quo
216 943 308 1000 abiret
323 961 354 1001 se
369 944 481 1003 nescire
491 947 723 1006 arbitrantibus:
743 973 753 1000 ι
771 951 905 1018 Domina,
921 949 964 1004 in·

139 1034 351 1106 quit'l'lromas,
363 1037 512 1093 nescimus
522 1055 581 1110 quo
594 1039 685 1107 vadis,
697 1045 725 1096 et
740 1040 883 1110 quomodo
896 1056 962 1110 pos-

140 1140 245 1179 sumus
261 1123 335 1180 viam
353 1125 450 1182 scire?
466 1126 690 1199 neumisque,
703 1145 756 1184 uec
772 1130 842 1185 dum
854 1129 962 1186 dixeris

140 1212 237 1282 uobis,
255 1229 310 1284 qua
324 1215 419 1282 vadis,
435 1217 582 1287 quemodo
598 1219 628 1272 tu
655 1217 728 1273 dieis
744 1218 827 1274 nobis
840 1223 868 1274 et
884 1219 961 1274 viem

138 1301 535 1376 scitileonsequiturenim
548 1307 614 1362 atsi
626 1307 832 1380 quisaliqaam
849 1308 963 1380 ignoret

139 1391 276 1464 patriam,
294 1393 496 1466 multomagis
516 1395 592 1451 viam
613 1396 725 1453 nesciat
744 1413 806 1469 que
829 1397 910 1454 ducit
926 1399 959 1454 ad

1022 609 1204 666 quascunque
1218 593 1335 650 condita
1349 597 1430 663 sunt,
1446 594 1609 653 discernere
1626 599 1735 658 norint.

1057 706 1071 736 a
1087 685 1116 741 Si
1131 684 1340 757 cognoviscetis
1356 701 1412 755 me,
1437 691 1465 741 et
1489 685 1602 743 Patrem
1628 705 1725 745 meum
1743 693 1843 765 utiquo

1021 774 1241 848 cognovissetis.
1253 773 1315 845 asi,
1332 774 1464 846 inquam,
1480 775 1557 831 sicut
1568 795 1721 848 porsonam
1735 797 1840 838 manin.
1933 789 1935 796 '

1021 865 1113 932 scitis,
1125 868 1152 921 et
1168 863 1285 920 creditis
1295 879 1341 919 me
1356 879 1420 919 esse
1436 863 1583 920 Christum
1595 867 1697 924 l'ilium
1710 871 1760 926 Dei
1773 871 1839 940 vivi,

1021 955 1043 1009 si
1058 954 1099 1010 ita
1113 953 1308 1008 substantiam
1316 951 1502 1010 veluaturam
1512 970 1608 1012 meam
1618 960 1840 1030 cognovissetis,

1021 1065 1035 1094 a
1046 1047 1075 1098 et
1086 1043 1200 1098 Patrem
1213 1058 1308 1097 mcum
1323 1043 1421 1114 utique
1432 1043 1649 1114 cognovissetis.
1662 1069 1676 1096 a
1689 1053 1750 1104 Non
1760 1054 1838 1107 enirn

1020 1132 1077 1189 alia
1089 1131 1191 1200 Patris,
1200 1137 1286 1203 atqua
1297 1129 1354 1186 alia
1365 1131 1425 1187 Filii
1439 1133 1602 1190 substantia
1614 1135 1656 1190 vel
1669 1143 1773 1192 natura
1785 1145 1839 1206 rst,

1020 1219 1070 1276 sad
1087 1219 1183 1292 qualis
1198 1219 1293 1288 Pater,
1310 1220 1375 1275 talis
1399 1225 1428 1276 et
1443 1221 1532 1279 Filius
1557 1227 1612 1280 est.
1631 1225 1746 1280 litenim
1764 1225 1841 1281 sicut

1019 1309 1196 1365 dixidudais
1209 1326 1215 1364 :
1227 1314 1311 1381 «Ego
1326 1314 1354 1365 et
1370 1311 1453 1366 Pater
1464 1328 1554 1368 unum
1566 1329 1670 1370 sumas
1687 1315 1839 1387 (denerata

1019 1398 1112 1472 lgitur
1124 1397 1148 1454 si
1165 1397 1374 1470 cognovissetis
1395 1415 1451 1464 me,
1477 1401 1594 1474 siquod
1621 1402 1765 1460 revelante
1779 1421 1838 1461 nan

139 1483 226 1538 istam
245 1482 380 1554 patriam.
398 1485 497 1554 ltaque
509 1483 603 1558 magis
619 1501 653 1543 ac
665 1487 756 1558 magis
771 1487 909 1544 amnibus
922 1486 967 1542 in-

139 1573 229 1627 tentis
254 1572 290 1628 ad
317 1571 507 1643 audiendum,
533 1573 651 1631 tandem
677 1575 735 1632 illis
761 1575 835 1631 viam
852 1575 962 1634 iudicat
1019 1574 1841 1652 adhuciutrinsecusquaeialongept·ospcxistis,illndia·

140 1677 230 1732 quam
248 1677 279 1717 se
295 1662 407 1718 nescire
421 1663 651 1734 putabant.Nam
662 1664 794 1737 sequitur
809 1682 816 1720 :
830 1687 844 1716 a
854 1664 961 1721 dieitei
1018 1669 1062 1721 tro
1077 1681 1127 1720 vos
1142 1664 1330 1736 accepissetis
1341 1665 1463 1721 dilatata
1478 1665 1576 1722 anima
1591 1673 1620 1724 et
1636 1674 1735 1740 aperto
1750 1687 1838 1726 sensu

136 1750 224 1806 lesus
242 1765 248 1805 :
266 1749 323 1823 ligo
338 1767 404 1806 sum
420 1751 478 1819 via,
498 1752 606 1808 veritas
622 1756 650 1808 st
666 1753 735 1809 vita.
755 1775 769 1804 »
784 1753 838 1822 Me,
854 1754 960 1826 inquit,
1019 1755 1054 1810 nd
1067 1753 1464 1826 intelligendumscripturas
1477 1755 1839 1829 (liettlt.xv1),quaeomues

138 1839 232 1906 scitis,
248 1838 277 1894 in
291 1855 338 1896 me
353 1841 530 1912 credidistis,
547 1859 593 1898 rua
617 1841 763 1900 Christum
789 1843 895 1898 Filium
912 1843 962 1900 Dei
977 1800 1001 1867 B
1017 1845 1052 1900 da
1069 1860 1113 1900 rna
1126 1842 1298 1916 loquuntur,
1310 1865 1325 1893 α
1337 1850 1365 1900 et
1382 1845 1493 1900 Patrem
1511 1861 1608 1902 meum
1624 1847 1724 1919 utique
1736 1863 1840 1920 cogno·

138 1928 434 1986 vivicoulessiestis.
464 1929 520 2002 ligo
538 1931 894 2004 autem,egcipscquem
923 1933 963 1990 ita
1016 1931 1144 2000 vissetis,
1161 1955 1175 1984 »
1192 1937 1291 2004 utpote
1307 1932 1532 1990 ambulantesin
1549 1935 1594 1990 via
1606 1935 1796 2006 ejus,stuntcs
1809 1937 1836 1992 iu

137 2017 232 2079 scitis.
248 2017 293 2074 via
308 2035 372 2073 sum
391 2035 544 2092 perquam
576 2020 645 2077 illuc
661 2022 790 2076 eundum
807 2022 890 2078 vobis
906 2026 961 2088 ast,
1014 2020 1135 2076 veritate
1151 2022 1226 2090 ajns,
1242 2021 1371 2076 viventes
1387 2021 1455 2090 vita,
1472 2039 1535 2094 qua
1560 2022 1731 2079 abscondita
1747 2029 1791 2080 ost
1808 2026 1837 2080 in

138 2123 196 2177 quo
212 2123 264 2178 ego
281 2108 371 2174 vado;
387 2107 446 2175 via,
463 2108 595 2180 inquam,
613 2127 688 2178 suin,
706 2111 781 2183 quod
799 2119 825 2166 et
841 2111 961 2182 vosipsi
1016 2107 1265 2166 illocumtlhristo
1278 2109 1346 2165 Filio
1358 2111 1431 2182 ejus,
1444 2126 1502 2165 nan
1516 2111 1748 2182 ignorantes‚sed
1762 2114 1839 2185 opti-

137 2211 212 2268 ponc
225 2195 368 2263 fatemini,
384 2197 455 2252 dum
472 2203 607 2270 prompta
635 2197 784 2255 voluntate
812 2199 899 2255 vultis
917 2217 962 2257 me
1017 2213 1063 2254 me
1076 2197 1230 2269 perlegam
1246 2201 1274 2253 et
1290 2199 1446 2270 prophetas
1462 2203 1491 2254 et
1507 2198 1636 2271 psalmos
1648 2210 1837 2272 agnoscentes

137 2284 233 2356 sequi,
251 2286 326 2356 quod
344 2293 439 2342 tamen
451 2287 537 2342 modo
554 2287 646 2343 iacere
662 2304 718 2343 non
737 2288 875 2360 potestis:
892 2293 962 2346 Ecca
1016 2286 1129 2358 (Cetera.
1139 2303 1190 2356 1¹13
1208 2289 1272 2343 Lac.
1284 2288 1369 2359 xxiv),
1380 2285 1506 2358 qualiter
1521 2287 1556 2344 de
1568 2305 1613 2344 me
1627 2289 1687 2344 lieri
1698 2288 1834 2359 voluerit,

138 2389 191 2446 ego
207 2374 273 2430 dica
288 2375 380 2446 vobis,
394 2374 548 2447 qualisvis
560 2393 636 2446 sum,
649 2379 764 2434 «Nemo
781 2379 859 2434 venit
870 2380 903 2434 ad
916 2380 963 2434 Pa-
1016 2375 1102 2447 quala
1119 2376 1189 2432 mihi
1206 2379 1377 2433 mandatum
1389 2377 1511 2443 dederit,
1528 2374 1651 2449 qualiter
1662 2381 1690 2434 et
1705 2379 1784 2436 vobis
1800 2381 1835 2435 ad

139 2469 226 2531 trem,
243 2464 301 2521 nisi
327 2481 378 2538 per
402 2481 457 2522 me,
480 2487 493 2514 a
509 2465 582 2529 Quid
610 2471 674 2522 est:
691 2489 705 2516 a
722 2467 812 2524 Nonio
832 2468 909 2524 veuit
925 2469 961 2525 nd
1016 2467 1099 2524 illum
1125 2466 1245 2537 vestigia
1272 2483 1336 2522 inea
1351 2467 1500 2538 sequendo
1517 2467 1713 2523 accedendum
1727 2467 1775 2526 sit.
1792 2470 1836 2525 lta

140 2553 328 2618 Patrem,nisi
341 2570 390 2625 per
402 2554 491 2610 mel»
505 2555 864 2628 quid,inquam,est,uisi
877 2575 961 2616 uento
1019 2561 1157 2612 «Patrem
1173 2569 1271 2611 meum
1287 2554 1507 2626 cognovissetis.
1538 2555 1572 2610 Et
1599 2557 1703 2612 amado
1727 2575 1834 2631 cogna-

1019 1503 1105 1544 carne
1121 1491 1150 1543 et
1164 1488 1317 1558 sanguine,
1333 1489 1382 1544 sed
1400 1493 1482 1545 Patre
1498 1505 1562 1546 mea
1578 1491 1628 1563 qui
1643 1496 1687 1549 ast
1702 1493 1731 1548 iu
1747 1493 1840 1566 omlis,

141 2643 236 2699 credit
250 2644 279 2699 in
291 2645 411 2716 Patrem,
424 2643 448 2699 si
462 2661 520 2699 nan
539 2644 630 2701 credit
644 2650 672 2701 et
683 2647 711 2702 in
724 2645 794 2702 me?
809 2651 962 2718 Propterea
1015 2647 1102 2704 scetis
1113 2662 1192 2717 eum,
1204 2651 1231 2704 et
1242 2645 1356 2701 vidistis
1368 2660 1445 2700 earn.
1462 2649 1639 2716 »Postquam
1649 2647 1727 2701 enim
1737 2647 1834 2703 abiere

137 2733 198 2788 dixi
215 2732 306 2802 vobis,
323 2733 442 2788 creditis
455 2735 483 2788 ia
498 2734 599 2802 Deum,
615 2737 643 2789 et
658 2734 687 2789 in
705 2751 750 2790 ma
766 2734 960 2791 aroditaNam
1015 2740 1043 2792 et
1058 2752 1256 2809 properavero
1271 2734 1353 2790 vobis
1370 2732 1477 2800 locum,
1494 2733 1563 2788 dum
1576 2733 1681 2790 iterum
1696 2735 1780 2792 venio
1796 2735 1834 2791 ad

138 2825 198 2879 siva
213 2823 345 2892 iudeus,
361 2824 421 2880 sire
435 2823 590 2882 haereticus
605 2825 654 2891 sit,
669 2825 743 2882 nihil
760 2825 881 2896 proficit,
898 2843 963 2882 oon·
1015 2842 1077 2896 vos,
1089 2824 1356 2882 reconciliationem
1365 2824 1834 2898 iactamaununtiansdicensqua:

141 2914 249 2970 titendo
261 2912 352 2970 ileum
365 2914 429 2971 roeli
441 2916 718 2984 atterra,atomois
732 2919 960 2972 ornatuseorum
1016 2937 1030 2968 a
1048 2919 1102 2970 Pax
1116 2914 1211 2980 vobis,
1235 2914 1357 2985 accipite
1383 2911 1524 2984 Spiritum
1547 2917 1694 2980 sanatum,
1711 2930 1834 2985 qnorum

138 3003 305 3060 Creatorem
320 3018 385 3060 sese
402 3005 489 3076 (Rom.
503 3005 574 3078 vui).
601 3004 658 3061 Nec
682 3005 760 3062 anim
779 3004 909 3078 pervenit
925 3005 961 3060 ad
1016 3003 1189 3060 remiseritis
1204 3007 1332 3074 paccata,
1348 3002 1538 3058 remittuntur
1552 3001 1595 3058 eis
1610 3003 1764 3074 (locari),
1779 3025 1794 3053 »
1806 3009 1834 3059 et

136 3093 252 3148 Petram
272 3091 322 3148 tali
339 3093 531 3161 confessione,
547 3093 685 3166 quianon
699 3093 791 3149 credit
806 3091 837 3149 iu
853 3092 960 3149 meld·
1016 3091 1113 3166 aperio
1125 3091 1207 3148 vobis
1219 3107 1348 3162 sensum,
1361 3088 1573 3162 utintetligatis
1585 3090 1748 3163 Scripturas
1758 3093 1834 3162 (Lac.

137 3181 212 3238 airco
228 3197 434 3254 quemcunque
449 3181 534 3239 Pater
548 3182 584 3237 ad
600 3198 632 3238 se
647 3181 794 3238 attrahere
810 3181 958 3254 dignatur,
975 3160 996 3227 G
1014 3185 1102 3252 xxiv),
1119 3203 1133 3231 «
1149 3184 1253 3238 extunc
1268 3183 1354 3236 etms
1369 3180 1485 3235 Patrem
1499 3195 1595 3234 incarn
1611 3180 1802 3251 cognoscetis.
1820 3203 1830 3234 ι

137 3269 260 3326 attrahit
275 3270 310 3325 sd
328 3285 384 3340 me,
403 3275 436 3326 ut
450 3269 608 3326 conformis
624 3271 717 3327 lactus
732 3268 871 3342 imaginis
883 3269 959 3338 Filii,
1014 3271 1049 3327 dt
1064 3269 1184 3343 proinde
1196 3270 1258 3340 jam
1276 3287 1334 3326 non
1351 3269 1415 3325 dico
1431 3285 1481 3324 vos
1495 3284 1605 3336 servas,
1627 3268 1676 3325 sed
1696 3292 1706 3316 ι
1725 3268 1834 3326 amicos

137 3358 661 3432 adoptionemaccipiatperSpiritum
672 3359 962 3432 adoptianis,itatqua
1015 3376 1105 3428 moos,
1122 3359 1191 3433 quia
1207 3359 1304 3416 amuis
1318 3375 1500 3431 quascunque
1516 3357 1614 3414 audivi
1632 3375 1649 3413 a
1664 3358 1757 3424 Patre,
1775 3381 1789 3408 »
1805 3358 1834 3414 id

138 3447 371 3518 haeres,oohaeras
382 3452 480 3506 autem
492 3449 624 3521 ejusdcm
642 3448 706 3505 attii
717 3450 804 3523 (Rem.
816 3449 853 3521 x).
866 3448 961 3513 Quare
1013 3455 1067 3524 est,
1081 3450 1180 3507 omnia
1195 3451 1224 3506 in
1252 3448 1477 3521 quibuscunque
1505 3447 1642 3504 obaudivi
1664 3447 1743 3503 Patri
1759 3463 1832 3517 mea,

134 3541 233 3594 autam
249 3553 308 3594 non
324 3538 418 3595 solum
433 3537 525 3594 dixit:
538 3561 551 3590 v
564 3537 960 3610 Egosumviapisedaddidi,
1013 3563 1027 3590 «
1041 3538 1191 3598 natatorio
1201 3537 1283 3594 vobis
1294 3535 1466 3609 (tocn.xv).»
1479 3536 1718 3609 Ampliusautsnr
1731 3552 1765 3592 ex
1776 3553 1833 3608 quo

133 3649 147 3678 «
164 3631 194 3684 et
208 3627 328 3697 veritas,
344 3633 373 3685 at
387 3627 469 3685 vita?
482 3651 497 3679 a
517 3627 668 3701 Videlicet,
686 3628 754 3701 quia
777 3645 846 3685 cum
873 3631 960 3686 corde
1012 3629 1118 3686 iterum
1135 3627 1277 3701 Spiritum
1294 3631 1428 3683 sanetum
1442 3626 1477 3682 de
1493 3626 1564 3683 coelo
1580 3625 1721 3695 dovobis,
1745 3629 1777 3680 ut
1791 3625 1835 3680 lu-

133 3717 270 3773 credatur
285 3717 320 3773 ad
334 3717 494 3789 justitiam,
509 3734 559 3773 ore
585 3722 681 3774 eutem
696 3717 839 3775 conlassio
856 3719 907 3775 liat
922 3719 957 3774 ad
1012 3717 1100 3773 cundi
1115 3721 1202 3788 etque
1218 3717 1306 3772 lortes
1328 3716 1392 3772 sitis
1409 3715 1444 3772 ad
1472 3715 1688 3786 predicandum
1718 3713 1834 3771 cunctis

131 3803 267 3870 salutem,
284 3805 362 3862 sicut
376 3805 450 3862 bena
464 3805 555 3879 diligo
571 3807 749 3874 credentem,
776 3805 819 3862 sic
834 3811 863 3862 at
876 3822 958 3860 vera·
1012 3807 1160 3879 gentibus,
1175 3821 1222 3861 me
1237 3807 1264 3862 et
1280 3805 1391 3860 Patrem
1409 3820 1508 3860 meum
1524 3805 1601 3859 sicut
1616 3803 1836 3876 cognovistis,at

90 3915 93 3920 ·
133 3912 196 3952 cem
214 3895 289 3952 lacto
306 3911 356 3951 ore
371 3897 570 3960 confitentem,
588 3893 630 3952 sic
645 3903 672 3952 et
688 3895 880 3952 nihilomiuus
896 3911 957 3951 me·
1012 3893 1092 3951 nullo
1108 3893 1323 3950 adversantium
1344 3907 1441 3949 errore
1457 3891 1605 3948 ullatenus
1631 3891 1831 3959 involvamini,

132 3985 234 4057 ipsum
249 3986 431 4041 ostendendo
455 3983 630 4042 aeternaliter
653 3985 765 4042 vivifico
791 3984 957 4041 credentem
1011 3987 1116 4040 extunc
1132 3983 1223 4038 Patris
1234 3981 1399 4054 cognitione
1413 3979 1549 4036 illustrati
1565 3980 1655 4036 eritis.
1672 3981 1713 4034 lta
1725 3995 1831 4051 cogno·

133 4077 224 4144 atque
235 4072 433 4129 coutitsatom.
451 4075 561 4145 ltaque,
577 4073 647 4145 quia
662 4088 747 4130 nemo
764 4075 838 4129 recte
854 4072 958 4128 ambu-
1011 4072 1207 4143 scentes‚jam
1220 4071 1333 4127 vidistis
1344 4086 1421 4128 eum.
1433 4070 1481 4126 Sia
1496 4067 1574 4125 caim
1590 4067 1772 4139 cognovisse,
1788 4067 1832 4122 vi·

133 4163 185 4230 lat,
203 4161 261 4218 nisi
276 4161 421 4218 credendo
433 4161 462 4217 iu
474 4160 583 4226 mavia
596 4177 660 4218 sum
675 4165 722 4231 ;at
737 4159 806 4233 quia
821 4177 961 4217 nemova·
1011 4163 1088 4218 disse
1104 4166 1158 4218 est.
1176 4161 1278 4233 ltaque
1292 4161 1462 4230 eatunajam
1473 4157 1588 4215 vidistis
1604 4173 1683 4225 eum,
1701 4157 1831 4212 nondum

132 4269 183 4308 rax
199 4255 254 4320 est,
272 4249 327 4306 nisi
352 4249 518 4307 confitendo
539 4267 596 4320 mo,
623 4249 727 4308 veritas
751 4265 829 4319 aum,
846 4257 871 4307 et
888 4249 959 4323 qaia
1010 4255 1106 4308 tamen
1123 4251 1195 4308 laeie
1210 4252 1246 4307 ad
1263 4251 1378 4315 taciem,
1395 4249 1446 4306 sed
1467 4248 1551 4322 quasi
1567 4265 1618 4321 per
1632 4245 1784 4318 speculum
1801 4245 1831 4301 in

129 4357 213 4397 nemo
228 4339 308 4412 vivit,
323 4339 380 4397 nisi
400 4340 451 4413 qui
471 4339 560 4396 habat
581 4357 638 4408 me,
665 4341 723 4396 vita
747 4356 824 4396 sum.
842 4339 956 4396 Etenim
1011 4341 1166 4414 enigmata
1180 4339 1209 4412 (I
1223 4339 1283 4396 Cer.
1300 4341 1371 4410 aar),
1388 4339 1479 4394 donec
1495 4337 1637 4410 accipiam
1649 4353 1700 4393 vos
1720 4335 1755 4391 ad
1776 4349 1833 4390 rne-

131 4445 217 4486 namo
231 4428 457 4498 habatPatrem,
471 4427 527 4484 nisi
540 4427 590 4501 qai
606 4427 748 4484 lrabetme
760 4447 767 4496 ;
781 4443 867 4484 nemo
878 4427 958 4484 venit
1012 4431 1120 4504 ipsum,
1138 4435 1170 4485 ut
1186 4429 1235 4485 ubi
1252 4447 1318 4486 sum
1329 4444 1382 4502 ego
1394 4434 1423 4485 et
1439 4425 1573 4497 vossitis,
1585 4443 1618 4482 ex
1635 4431 1717 4500 parte
1728 4441 1832 4498 cogno·

130 4519 166 4574 ad
183 4522 310 4586 Patrem,
324 4517 380 4574 nisi
396 4518 448 4589 qul
471 4517 551 4574 videt
566 4533 622 4573 me.
651 4515 703 4574 Via
718 4533 783 4573 sum
800 4533 852 4590 par
866 4533 955 4589 quum
972 4515 995 4580 D
1011 4524 1108 4590 scetis,
1133 4529 1239 4577 extunc
1261 4525 1358 4576 autam
1384 4519 1515 4576 videntes
1539 4519 1626 4575 sicuti
1642 4524 1698 4590 ast,
1716 4517 1830 4576 similes

130 4607 276 4664 credendo
288 4607 357 4677 itur,
367 4609 471 4663 veritas
488 4623 539 4680 par
552 4623 639 4680 quam
649 4607 814 4663 confitendo
827 4609 955 4679 perreni-
1007 4611 1032 4667 ci
1047 4609 1130 4667 eritis
1145 4613 1167 4680 (l
1181 4615 1260 4668 toan.
1277 4609 1331 4682 ru).

129 4697 256 4765 tur,vita
269 4713 325 4770 qua
341 4698 422 4754 beate
439 4713 472 4754 aa
487 4699 665 4769 sempiterne
680 4697 797 4753 vivitur.
813 4697 955 4768 Igitur,ut
1045 4719 1059 4748 α
1075 4698 1151 4754 Dicit
1165 4697 1192 4754 ei
1208 4697 1379 4770 Philippus:
1396 4696 1529 4764 Domine,
1546 4699 1669 4754 ostende
1681 4698 1829 4755 uobisPa·

123 4789 186 4860 jam
200 4785 271 4856 dixi,
287 4791 315 4842 et
326 4803 382 4858 quo
394 4803 447 4860 ego
462 4787 536 4842 vado
552 4786 646 4856 scitis,
662 4791 689 4842 et
701 4786 777 4843 viam
787 4787 954 4858 scitis,quia
1007 4791 1094 4856 trem,
1115 4791 1144 4844 et
1160 4787 1269 4843 scilicit
1284 4787 1377 4843 nobis.
1392 4809 1403 4836 ι
1421 4786 1509 4851 Quasi
1524 4785 1628 4842 Filium
1642 4787 1703 4857 jam
1721 4787 1831 4843 vidisse

123 4875 260 4932 videlicet
273 4880 301 4931 et
317 4877 429 4931 Patrem
446 4891 544 4932 meum
567 4877 602 4931 ad
620 4891 706 4947 quam
723 4875 797 4931 vado
813 4874 905 4942 scitis,
926 4879 954 4930 et
1007 4877 1093 4933 sicuti
1110 4880 1164 4945 est,
1182 4877 1224 4932 sic
1241 4877 1391 4950 Philippus
1406 4874 1524 4932 locutus
1539 4879 1584 4931 ast
1598 4891 1605 4930 ε
1618 4897 1632 4925 a
1651 4875 1830 4942 Domine,in-

125 4983 173 5022 me
191 4965 297 5020 Filium
311 4967 441 5036 ejusdem
459 4965 509 5022 Dei
522 4965 578 5022 vivi
590 4965 762 5020 cantitantes
777 4964 870 5021 saitis.
886 4965 951 5020 Sci·
1007 4963 1122 5036 quiens,
1139 4962 1260 5019 ostende
1276 4963 1359 5019 nobis
1375 4967 1488 5020 Patrem
1515 4966 1544 5018 ct
1572 4959 1683 5017 suflicit
1696 4961 1795 5016 'nobis
1814 4983 1828 5012 a

123 5057 174 5119 tis,
191 5053 325 5126 inquam,
342 5054 391 5110 sed
410 5059 506 5110 tamea
531 5054 661 5111 nondum
683 5053 871 5125 cognovistis.
888 5053 950 5109 Non
1005 5053 1157 5123 Tanquam
1173 5053 1299 5108 diceret:
1316 5053 1366 5122 Ta,
1384 5052 1521 5125 Magister
1537 5056 1566 5107 et
1581 5049 1704 5106 Domine
1714 5049 1829 5108 Christe

122 5145 951 5218 enimscireidemomninoestquodcognovisse.Siqui-
1005 5138 1828 5212 Filiitaivivi;te,inquam,jamvidimusetagnorimus,

121 5236 186 5290 deur
202 5237 231 5290 ct
246 5232 361 5304 mulier,
378 5241 534 5307 antequam
559 5237 646 5290 ducat
664 5235 771 5304 virum,
787 5235 841 5290 scit
858 5251 948 5307 quem
1004 5229 1160 5287 dileximus
1172 5229 1335 5286 etceniessi
1347 5245 1462 5296 sumus,
1475 5233 1503 5284 et
1515 5229 1615 5284 beatos
1626 5243 1690 5284 csse
1701 5227 1828 5284 latentur

119 5325 228 5380 ducere
242 5323 322 5391 velit,
339 5330 541 5380 verumtamen
558 5340 616 5380 non
632 5333 709 5379 reete
720 5323 762 5378 vel
775 5324 891 5396 proprie
902 5323 947 5378 di·
1003 5319 1104 5376 oculos
1118 5324 1243 5388 nostroe,
1259 5319 1325 5390 quia
1343 5324 1368 5374 te
1383 5319 1480 5373 videre
1496 5317 1739 5373 meruimus-lam
1753 5316 1826 5372 nihil

117 5411 196 5466 citur
211 5412 393 5484 cognovisse,
410 5411 438 5466 ni
457 5412 629 5484 priusquam
644 5411 721 5468 Μ
737 5413 861 5480 duxerit,
877 5417 905 5468 et
920 5411 945 5466 oi
1001 5413 1144 5481 superest,
1160 5407 1216 5463 nisi
1233 5417 1261 5462 ut
1275 5407 1387 5461 Putrem
1403 5406 1551 5474 ostendas,
1570 5421 1638 5461 narn
1656 5406 1690 5462 de
1708 5410 1735 5461 tc
1747 5405 1827 5462 sulli-

119 5497 611 5570 naturalimorecopulataluerit.
640 5499 945 5571 ltaqueettosnuac
1000 5499 1352 5570 citnobis.Haadiaans‚
1371 5499 1496 5569 [traiecto
1528 5498 1634 5555 Filium
1655 5515 1825 5556 saucaco-

119 5587 313 5658 quidcmjam
332 5587 943 5662 mescitis,sedspiritumamorisnondum
999 5605 1139 5662 gnoscere
1162 5588 1365 5659 confirmabat,
1388 5589 1456 5662 quia
1483 5587 1618 5646 videlicet
1646 5588 1676 5645 ia
1706 5587 1825 5648 hornina
