3992 6048
120 303 183 370 ees
326 339 330 348 ·
658 294 859 364 sennenn.
885 293 922 363 ln
945 291 1056 365 ibuit.
1079 332 1118 350 ·-
1139 299 1215 370 tie.
1239 296 1290 371 ill.
1772 303 1833 363 aas

121 439 248 512 barbati,
262 437 294 496 id
308 441 362 506 cst,
379 438 469 495 lortes
486 436 599 494 lueritle
615 437 650 492 ad
673 437 824 508 ponendas
840 437 955 492 animas
970 434 997 504 Α
1012 448 1096 495 amen
1108 435 1313 512 cicuticines
1324 441 1454 500 cantabit
1465 439 1518 497 hac
1530 435 1730 510 noctegallus,
1740 437 1833 491 donec

121 547 177 604 pro
194 529 334 586 iratribus
352 527 468 598 vestris,
479 529 631 597 totamque
642 525 802 582 Ecclesiam
814 523 897 597 quasi
908 535 953 581 ve·
1007 531 1050 584 ter
1063 543 1110 585 me
1125 544 1224 604 neges.
1242 546 1256 582 ιι
1272 532 1318 589 bic
1334 533 1457 602 dictum,
1473 535 1503 588 at
1517 529 1560 588 aio
1581 527 1686 584 deinde
1710 527 1832 594 lactum,

121 625 200 677 stem
216 617 339 674 interius
354 615 500 688 religiosis
523 613 715 672 conventibus
740 615 951 672 subornantem
1006 617 1106 676 nullus
1121 621 1196 678 tacet
1210 623 1466 697 evangelistarum,
1478 619 1694 695 quiavidelioet
1705 617 1831 674 muitum

120 708 257 779 exenrplo
271 707 366 763 vestro
381 706 483 762 eadem
498 703 654 760 dilectione
670 703 844 761 imbueritis.
1007 707 1077 766 uilla
1087 719 1144 767 nun
1157 711 1265 770 irusire
1276 714 1371 770 visum
1382 715 1436 783 eet,
1448 714 1483 769 ad
1496 711 1714 785 reprimendum
1726 707 1832 764 huma·

162 821 177 849 ιι
197 797 270 854 Dicit
284 795 425 852 elsimoo
440 796 562 852 Petrus:
584 793 717 866 Domine,
737 809 794 866 quc
817 791 921 850 eadisl
936 807 951 845 ιι
1007 813 1050 853 na
1073 793 1255 858 infirmitatis
1279 813 1396 860 ausum.
1424 803 1488 859 Alto
1514 813 1641 874 namque
1667 795 1832 858 Diriuiiatie

118 887 298 943 Inchoatum
314 885 349 940 de
365 883 520 940 dilectione
535 897 713 951 sermonem,
727 883 783 939 istc
803 883 953 939 cruentior
1007 887 1127 945 consilio
1143 889 1249 948 iactum
1266 895 1320 962 εει,
1339 895 1370 949 ut
1385 893 1414 948 iu
1430 891 1481 949 illa
1496 890 1724 965 perturbationis
1747 899 1832 950 nocte

119 976 237 1034 eatenis
254 971 371 1031 Domini
386 976 415 1030 et
431 971 562 1044 magistu
583 972 630 1028 sut
654 976 777 1039 amator,
794 967 871 1030 ²⁹1¹
895 973 952 1028 ιιι·
1005 983 1143 1039 omnious
1158 981 1298 1056 apostulis
1314 983 1486 1039 arancarum
1503 975 1683 1055 parientibus
1705 985 1832 1042 maxima

119 1067 245 1140 patienti
261 1064 360 1122 dolore
375 1064 528 1135 attonitus,
545 1063 837 1136 primuslntarrupit,
850 1063 950 1120 videli-
1006 1069 1141 1144 prinecps
1157 1069 1325 1128 Petruseuee
1336 1071 1373 1128 ed
1385 1071 1831 1142 tcmpuelucnpertmiuilrmita·

117 1163 167 1213 cet
181 1156 252 1228 quia
266 1153 395 1210 dixerat:
413 1175 427 1204 ιι
445 1147 551 1223 lilioli,
568 1151 665 1209 adbuc
682 1151 829 1209 modicum
851 1151 951 1209 vobis·
1005 1155 1043 1214 tis
1059 1159 1280 1232 relinqueretur,
1294 1160 1430 1232 trinaque
1442 1159 1595 1232 negatione
1606 1158 1717 1230 lapsus,
1730 1159 1832 1230 etipse

117 1262 189 1302 cum
205 1261 283 1312 sum,
299 1244 434 1316 querelis
450 1257 507 1310 me,
524 1243 552 1298 et
567 1241 642 1298 sicut
663 1241 723 1298 dixi
746 1240 868 1310 iudeis,
892 1254 950 1313 quc
1004 1257 1120 1320 experto
1145 1247 1284 1314 crederet,
1310 1256 1337 1305 et
1361 1265 1413 1306 uus
1438 1249 1513 1304 scire
1542 1247 1649 1304 iaceret
1670 1247 1749 1318 quod
1775 1245 1831 1302 nisi

116 1351 175 1408 ega
188 1335 262 1390 iudo
282 1346 332 1390 vos
358 1345 414 1389 noo
445 1331 568 1406 potestis
593 1331 702 1398 venire,
727 1337 754 1389 ει
779 1329 858 1388 vobis
886 1331 950 1388 dico
1005 1335 1147 1395 auxilium
1164 1356 1180 1394 a
1195 1332 1315 1395 Domino
1330 1339 1436 1408 veniat,
1453 1341 1551 1395 noster
1566 1338 1624 1394 cito
1645 1349 1695 1409 pes
1717 1347 1831 1394 rouveea

118 1425 221 1481 niodo.
240 1445 254 1474 ιι
282 1421 330 1478 Αιι
353 1437 441 1494 ergo:
475 1441 487 1470 ι
512 1417 645 1489 Domine,
673 1429 732 1494 quo
756 1419 868 1477 vadis?
894 1425 949 1477 lte·
1005 1431 1062 1497 tur,
1078 1429 1107 1484 ei
1122 1425 1146 1484 ei
1163 1425 1211 1483 ille
1226 1424 1435 1498 dormitaverit,
1447 1425 1495 1498 qui
1507 1426 1589 1483 solos
1599 1431 1680 1482 novat
1691 1429 1719 1483 ει
1729 1429 1825 1497 potest

117 1513 242 1587 spondit
259 1515 366 1570 iesus:
381 1511 443 1576 Ouo
459 1524 511 1584 ogo
527 1511 600 1567 indo
616 1522 673 1567 non
690 1513 771 1582 potes
792 1525 839 1567 mo
864 1509 949 1567 modo
1005 1515 1164 1586 custodita,
1176 1521 1235 1573 tam
1247 1515 1308 1573 sole
1319 1515 1456 1589 perdiem
1468 1529 1557 1589 quam
1570 1513 1640 1572 luna
1651 1531 1703 1587 ρει
1713 1520 1829 1571 noctem

116 1605 216 1676 sequi,
240 1599 374 1676 sequeris
398 1599 495 1656 autom
518 1605 627 1672 postea.
645 1619 660 1652 ιι
677 1601 736 1656 Ηοε
761 1597 949 1672 postmodum
1005 1605 1129 1674 utimur,
1143 1606 1172 1662 id
1189 1609 1244 1676 esi,
1259 1613 1319 1662 tam
1335 1605 1499 1664 divinitatis
1522 1617 1612 1676 quam
1636 1603 1828 1660 humanitatis

116 1693 215 1764 palam
236 1691 276 1748 lei
301 1691 431 1763 probavit
455 1695 587 1757 θιθῦῑῦιι
614 1689 684 1762 (ιυΙᾶ
707 1694 776 1746 tunc
801 1688 947 1756 infirmit&
1004 1695 1110 1753 Christi
1126 1692 1213 1753 iidem
1231 1697 1261 1753 in
1278 1695 1437 1753 tentatione
1452 1694 1613 1769 perdimus.

117 1782 278 1838 Dominum
295 1779 378 1852 sequi
393 1795 451 1836 uon
468 1783 582 1853 poterat
599 1777 710 1848 Petrus,
727 1779 845 1852 negavit
869 1779 987 1876 enian
1038 1783 1093 1841 Sed
1116 1777 1152 1842 de
1173 1785 1344 1858 huiusmodi
1370 1785 1637 1860 perturbationibus
1660 1783 1828 1850 Psalmista,

116 1869 207 1927 tertio
224 1885 259 1926 ue
274 1867 358 1925 ilium
375 1872 482 1941 pariter
498 1869 649 1925 moriendo
669 1867 750 1941 sequi
774 1872 946 1941 cogeretur;
1001 1887 1068 1930 cum
1096 1875 1214 1946 diceret,
1240 1873 1362 1948 mystice
1390 1875 1514 1948 loqueos
1532 1891 1539 1930 r
1556 1903 1569 1928 ι
1595 1873 1690 1947 Super
1714 1876 1829 1930 montes

112 1963 237 2017 secutus
253 1963 299 2016 est
314 1963 411 2016 autem
428 1961 538 2030 postea,
555 1958 625 2014 tunc
637 1959 749 2014 scilicet
760 1957 945 2030 quaudojam
1000 1961 1121 2020 stabunt
1136 1978 1229 2036 eque,
1247 1963 1499 2037 abssincrcpaticne
1514 1969 1564 2020 tua
1578 1963 1700 2036 logicat,
1717 1977 1734 2018 a
1760 1973 1829 2018 soce

112 2051 215 2105 senior
235 2045 366 2104 extendit
389 2061 496 2103 manus
517 2063 596 2111 suas,
622 2051 651 2103 at
675 2047 781 2118 cignus
807 2045 945 2118 Magistro
1001 2053 1122 2110 tonitrui
1137 2055 1179 2110 tui
1197 2052 1829 2125 iormtuobunt,-seeutusaujunxttt«Ter-

111 2135 281 2209 diselpulus
296 2137 429 2209 exemplo
443 2137 507 2208 ejus
526 2135 603 2192 cruci
620 2137 726 2192 allisus
742 2137 796 2192 εει.
1001 2139 1114 2199 minum
1131 2141 1253 2214 posuisti
1268 2150 1357 2216 quem
1374 2151 1431 2199 non
1446 2141 1708 2214 transgredientur,
1730 2153 1825 2213 neque

151 2225 207 2284 Sed
224 2229 293 2283 iunii
309 2242 393 2284 suem
408 2225 471 2297 ipse
487 2225 688 2282 lniiruriteieru
701 2241 758 2283 lion
769 2225 945 2292 rideamne·
1001 2235 1205 2291 convertentur
1220 2235 1332 2306 operite
1347 2235 1455 2290 terrain
1474 2231 1559 2302 (Pani.
1576 2232 1647 2304 0111),
1661 2251 1675 2280 ιι
1700 2231 1775 2302 Ergo
1799 2233 1828 2286 ει

113 2317 258 2373 luntatem
269 2313 946 2389 cupidissimameequendiDominum,suisquc
1000 2319 1054 2379 hoc
1070 2325 1145 2379 recte
1161 2319 1305 2394 sepientis
1322 2321 1371 2378 Del
1387 2321 1523 2394 providit,
1534 2325 1567 2376 ut
1583 2320 1652 2376 huic
1666 2319 1743 2376 Petri
1755 2335 1825 2392 apo·

110 2405 227 2463 viribus
243 2405 382 2477 majorem
400 2421 456 2476 onae
469 2403 564 2461 oculis
579 2405 713 2472 habebat,
741 2405 871 2462 nondum
896 2419 944 2461 οι·
1000 2410 1232 2484 stolincgationi,
1245 2410 1411 2484 quetolius
1421 2411 1556 2466 Ecclesia
1566 2408 1743 2466 tentationes
1754 2423 1827 2481 pre*

110 2503 219 2570 pertus
242 2497 313 2570 quid
325 2497 399 2552 lerrc
414 2503 593 2562 recusarent,
605 2499 633 2553 ει
644 2493 714 2568 quid
728 2496 800 2552 lerre
814 2496 945 2553 valerent
999 2491 1827 2571 currii,tnrminuu1poneret,scilicetgalliscautum,post

115 2585 253 2656 languidi
269 2583 821 2651 bumanaimbecilitatlshumcrl‚nisi
833 2585 943 2657 Spiritu
999 2603 1086 2660 quem
1108 2585 1230 2659 iliejam
1248 2587 1325 2645 ultra
1349 2601 1407 2645 uon
1432 2595 1559 2658 negaret,
1585 2587 1635 2643 sed
1660 2586 1825 2658 negationis

114 2673 553 2746 sanctaquiucndumdaius,
572 2673 944 2747 llrmaraulur,suprape·
999 2677 1149 2750 preteritae
1174 2677 1320 2734 maculem
1343 2690 1442 2734 amare
1470 2676 1563 2732 dendo
1592 2674 1725 2733 dilueret.
1751 2673 1826 2740 Quid

107 2771 184 2822 tram
202 2763 351 2820 Christum
368 2761 567 2820 laudativam
588 2760 698 2819 etenim
720 2764 820 2820 voleus
840 2763 940 2834 sequi,
999 2769 1096 2823 autern
1112 2765 1167 2824 boc
1187 2765 1243 2824 eibi
1271 2766 1344 2837 suli,
1369 2766 1447 2838 quod
1472 2770 1577 2823 Petrus
1601 2769 1631 2822 ct
1654 2768 1699 2821 ter
1722 2777 1826 2835 negare

107 2858 180 2914 dixit
191 2873 198 2911 :
211 2877 225 2908 ιι
235 2853 543 2929 ιιειιιιεε,ι1ιιειιιιιει
556 2879 566 2903 ι
579 2861 607 2911 ει
620 2855 834 2928 proindelouge
849 2853 940 2912 aliter
998 2854 1185 2928 permittitur,
1197 2861 1226 2912 ot
1239 2854 1292 2912 tall
1310 2854 1406 2928 potius
1420 2867 1508 2927 qnam
1524 2853 1581 2911 alio
1602 2853 1726 2910 termino
1750 2868 1823 2924 pra·

105 2947 176 3002 huic
192 2943 431 3018 respondendum
454 2949 516 3000 erat
538 2959 627 3017 quarn
653 2943 708 3014 illl,
736 2945 782 3000 cui
807 2941 940 3002 dicentit
997 2941 1064 3014 Dru,
1080 2945 1143 3015 ejus
1172 2944 1288 3017 negatio
1314 2943 1397 3000 iiulta
1421 2943 1599 3016 corrigitur?
1622 2946 1685 2998 Non
1711 2943 1823 2997 anima

106 3059 121 3091 ι
136 3034 274 3101 Domine,
291 3049 397 3107 sequar
412 3040 450 3102 tc,
466 3049 639 3107 quocunque
655 3032 735 3089 ieris.
753 3032 943 3106 Respondeas
998 3033 1136 3108 mysterio
1150 3043 1252 3090 vacare
1267 3033 1443 3090 credendum
1459 3036 1513 3102 est,
1525 3031 1604 3104 quoe
1620 3031 1646 3086 ei
1661 3029 1724 3087 sine
1740 3029 1826 3099 quus

109 3115 194 3198 ipse:
218 3120 339 3196 Vulpes,
363 3121 469 3196 lnquit,
494 3125 593 3180 loreas
616 3122 734 3192 babent,
759 3127 787 3179 ει
807 3122 937 3180 volucres
997 3120 1179 3198 providentis
1195 3123 1303 3182 iactum
1320 3135 1378 3180 uon
1394 3123 1449 3193 cst,
1465 3122 1507 3180 sic
1529 3121 1591 3178 lieri
1616 3119 1824 3192 complacitum

108 3214 174 3273 caeli
191 3214 287 3286 nidus,
305 3213 396 3270 ullius
418 3217 515 3270 autem
541 3213 669 3270 bominis
693 3227 750 3270 nun
775 3209 862 3270 hebet
886 3178 972 3268 uidC
992 3217 1045 3271 est.
1062 3211 1137 3279 Quid
1153 3225 1221 3286 ergo
1238 3213 1383 3270 terminus
1399 3212 1464 3283 iste,
1479 3211 1591 3268 seilicet
1610 3208 1680 3282 gelli
1704 3211 1819 3276 cantus,

104 3309 194 3376 caput
215 3319 300 3361 suum
324 3302 444 3360 reclinet
469 3301 573 3377 (ιιιιιιιι.
597 3303 658 3376 vrri)
681 3323 693 3356 ι
720 3299 821 3377 itaqua
845 3299 934 3361 dicit:
988 3301 1109 3376 mystice
1124 3299 1293 3375 signiticati
1309 3301 1415 3374 Utique
1427 3302 1536 3357 bouum
1550 3297 1704 3355 Dominice
1716 3309 1810 3352 resur·

104 3419 118 3446 ι
134 3396 199 3460 Quo
215 3410 266 3465 ego
283 3393 366 3461 vado,
385 3411 399 3442 ιι
416 3407 473 3449 uon
490 3399 573 3466 potes
590 3408 634 3450 mc
659 3393 745 3450 modo
766 3393 862 3466 sequi,
887 3409 934 3450 se·
988 3389 1124 3448 rectionis
1137 3391 1273 3448 nuntium
1290 3385 1466 3462 p'raeilgurat
1483 3389 1557 3456 Quia
1573 3385 1702 3459 protento
1718 3385 1814 3442 medis

104 3483 206 3557 queris
221 3487 319 3539 eutem
337 3487 448 3555 postea.
460 3483 613 3554 Tanquam
626 3478 734 3538 diceret
748 3497 755 3538 ε
767 3479 877 3538 idcirco
889 3481 933 3538 in·
988 3485 1071 3538 nocte
1087 3490 1242 3552 resurgens
1259 3479 1401 3538 Dominus
1426 3483 1535 3547 itesler,
1554 3475 1733 3550 Angelorum
1760 3491 1813 3531 ora

102 3580 247 3646 terrogas,
264 3573 334 3645 quia
354 3571 436 3645 sequi
459 3577 550 3643 optas,
568 3572 618 3628 sad
643 3568 730 3629 modo
755 3586 815 3630 nou
839 3575 933 3645 potest
988 3571 1015 3627 iu
1033 3567 1146 3627 laudem
1164 3569 1307 3636 excitavit,
1323 3571 1351 3626 ει
1366 3582 1418 3642 por
1437 3580 1487 3626 eos
1512 3569 1622 3624 bonum
1642 3567 1706 3623 vite
1721 3569 1751 3622 ει
1773 3564 1814 3618 ιιι·

102 3665 210 3720 timore
225 3675 351 3733 namque
366 3681 380 3712 ιι
398 3661 512 3718 deliciet
522 3657 593 3717 tides
606 3665 889 3731 tuamoruutaman
901 3665 932 3720 lu
987 3656 1083 3716 ctoriae
1108 3669 1169 3716 snae
1194 3659 1331 3715 nuntium
1357 3658 1392 3714 nd
1416 3659 1604 3714 contristatos
1632 3665 1660 3711 st
1688 3653 1814 3710 tristitie

100 3752 442 3824 aliquandooooversus,
466 3743 845 3822 mcscquendc,conlirme
874 3753 933 3807 tra*-
987 3745 1144 3821 caligantes
1160 3745 1260 3804 nubilo
1276 3747 1421 3820 apostolus
1450 3747 1539 3803 misit.
1565 3744 1622 3802 Sed
1646 3748 1713 3800 ante
1736 3743 1815 3799 bunc

101 3845 161 3896 tres
178 3845 244 3896 tuos
260 3838 333 3911 (trac.
352 3839 432 3912 xxti).
459 3859 474 3890 ιι
987 3841 1074 3902 tante
1091 3838 1237 3896 felicitatis
1254 3837 1385 3894 auditum
1397 3841 1457 3893 tres
1472 3837 1626 3892 continues
1638 3838 1738 3892 nonme
1748 3848 1815 3904 per·

137 3952 151 3980 ιι
168 3927 244 3984 Dicit
259 3929 284 3983 ei
301 3925 419 3985 Petrus:
441 3929 535 3994 Quare
560 3944 618 3984 non
644 3942 766 4002 possunt
793 3925 821 3986 te
847 3929 932 3988 modo
987 3931 1100 3987 severat
1114 3929 1284 3986 eurumdem
1296 3925 1493 4002 apostolorum
1506 3923 1692 3994 scandatum,
1705 3926 1816 3982 scilicet

100 4017 210 4091 sequi?
226 4017 358 4073 unimam
376 4035 470 4074 meam
484 4032 534 4090 pro
552 4023 577 4074 te
588 4035 707 4091 porram.
720 4039 735 4068 ιι
745 4015 853 4074 Verum
865 4020 933 4090 qui·
986 4023 1022 4078 ab
1037 4022 1109 4078 hora
1124 4038 1182 4094 qua
1197 4033 1229 4078 ee
1246 4019 1345 4076 relicto
1361 4029 1462 4076 omues
1474 4018 1625 4089 fugerunt.
1642 4021 1715 4089 lungo
1739 4016 1818 4072 trina

101 4108 168 4165 darn
186 4110 324 4182 estquod
341 4110 508 4178 aitPelrus,
527 4107 596 4164 dum
613 4110 710 4164 lutura
736 4111 866 4181 tempure
890 4111 932 4166 sic
987 4112 1140 4184 negatione
1161 4110 1288 4183 peraeta,
1314 4105 1411 4180 gallus
1437 4105 1552 4174 cecinit,
1568 4110 1596 4163 ct
1620 4106 1697 4162 siout
1721 4106 1815 4160 Lucas

102 4197 258 4254 enuntiat:
277 4219 289 4250 ι
306 4195 441 4254 unimam
459 4212 550 4254 meam
564 4201 651 4271 prole
663 4213 804 4270 ponam.»
817 4195 932 4256 Etenim
986 4201 1083 4267 reiert,
1100 4218 1113 4250 ιι
1132 4199 1271 4255 Dominus
1288 4197 1402 4254 Petrum
1419 4196 1547 4270 respexit
1557 4197 1633 4268 (boc,
1648 4199 1729 4267 aare),
1746 4194 1815 4267 quia

104 4287 236 4342 luterum
253 4289 326 4352 aral,
342 4287 370 4344 ει
385 4282 527 4343 Dominus
543 4285 584 4342 sic
609 4283 740 4342 dixerat:
757 4307 771 4336 ιι
797 4287 933 4359 Sequeris
984 4287 1119 4345 videlicet
1133 4288 1218 4346 tertia
1240 4284 1371 4344 scitndali
1396 4290 1480 4342 nocte
1499 4289 1659 4356 transuolat,
1676 4286 1813 4341 nuntium

104 4381 204 4432 autern
231 4377 342 4448 postea.
360 4397 374 4426 ιι
400 4376 609 4431 Verumtamen
635 4370 772 4446 quoniam
806 4389 932 4449 praeseus
985 4376 1057 4435 iliud
1072 4377 1281 4435 suavissimum
1295 4376 1438 4444 insonuit,
1455 4376 1534 4448 quod
1550 4375 1693 4448 Propheta
1711 4379 1814 4432 utcun-

103 4463 281 4537 periculum,
297 4465 332 4520 de
347 4477 406 4537 quo
422 4467 493 4521 tunc
509 4464 661 4536 agebatur,
679 4457 848 4521 intendebat
863 4481 930 4523 cum
985 4483 1042 4540 qua
1057 4468 1219 4540 exprimere
1233 4467 1372 4539 gestiens,
1390 4465 1577 4523 Dominlcum
1603 4465 1766 4534 hominem,
1781 4466 1812 4522 in

104 4555 165 4609 boc
180 4552 291 4609 diceret
306 4556 418 4624 Petrus,
434 4556 463 4609 et
479 4553 506 4609 in
524 4551 574 4610 illu
590 4553 696 4610 durare
711 4553 767 4611 sibi
785 4571 871 4627 posse
890 4553 931 4612 vi·
947 4531 972 4604 i]
987 4569 1113 4628 persona
1127 4555 1220 4611 Patris
1235 4554 1380 4612 allocutus
1397 4570 1404 4609 ε
1422 4571 1436 4605 ιι
1453 4557 1592 4622 Dasurae,
1605 4553 1710 4626 inquit,
1721 4553 1816 4626 glorie

104 4641 241 4710 uebatur,
262 4642 405 4699 Dominus
430 4647 528 4699 autent
549 4647 579 4699 ei
600 4655 729 4715 praesens
753 4641 936 4701 iniiriniiutis
992 4657 1067 4715 mea,
1083 4655 1205 4717 exsurge
1221 4639 1394 4718 psalterium
1410 4648 1440 4699 et
1454 4643 1565 4699 cithare
1578 4658 1584 4700 :
1598 4661 1612 4692 ιι
1624 4641 1817 4700 etcouiesiim

104 4733 254 4800 humane,
271 4735 299 4788 ει
315 4728 446 4787 loturum
461 4731 636 4803 praevidebat
650 4731 764 4803 teinpus
787 4733 936 4790 lorlitndl·
991 4734 1019 4789 in
1037 4746 1161 4807 persona
1176 4733 1239 4789 litii
1256 4732 1460 4806 respondentis
1472 4749 1479 4788 :
1492 4753 1506 4783 ιι
1518 4733 1676 4804 Drsurgem
1687 4729 1816 4788 diluculo

105 4819 153 4877 uis
169 4817 366 4891 ojus,impleri
377 4821 796 4892 oportebatiuccmparutlone
808 4819 935 4890 Domini,
992 4821 1075 4892 (Psoi.
1101 4822 1179 4897 cvii),
1196 4845 1210 4873 ιι
1236 4822 1341 4894 iuquit.
1368 4821 1438 4890 Hcc,
1463 4821 1581 4891 inquam
1608 4818 1815 4876 consolationis

105 4917 134 4966 ct
152 4909 283 4983 lingislri
307 4909 447 4967 deservo
472 4927 505 4966 ac
529 4909 673 4982 discipulo
697 4909 772 4982 quod
795 4909 836 4968 ait
859 4911 936 4968 Scri·
991 4913 1128 4970 nuntium
1145 4913 1180 4970 ad
1195 4913 1296 4970 tristes
1311 4909 1470 4986 apostolos,
1483 4911 1567 4967 teriia
1578 4909 1707 4966 scandali
1718 4915 1814 4982 nocie,

105 5007 215 5074 ptura:
238 5024 248 5051 ι
267 4999 471 5057 omnishomo
488 4995 708 5073 meudunli'eul.
724 5005 798 5071 cxv).
811 5021 824 5052 ιι
836 4999 936 5059 Dumi—
990 5005 1137 5058 transacta
1153 5002 1306 5075 perlatum,
1327 5003 1447 5059 Petrum
1463 5009 1497 5057 ex
1513 4999 1631 5055 nomine
1654 4997 1751 5071 diligit
1775 4999 1816 5054 ui·

106 5107 163 5146 oue
179 5105 308 5162 namque
324 5089 461 5147 conscius
476 5089 645 5161 voluntatis,
662 5095 690 5146 et
700 5090 843 5163 cognition
853 5089 936 5147 inirr-
992 5089 1188 5163 centannguo
1199 5105 1206 5147 τ
1217 5111 1231 5143 ιι
1243 5089 1353 5149 Discite
1363 5087 1516 5162 discipulis
1525 5087 1589 5160 ejus
1600 5091 1628 5144 et
1638 5087 1732 5155 Petro,
1744 5085 1813 5160 quie

106 5179 222 5236 unitatis
237 5179 367 5236 dixerat:
386 5201 400 5229 ιι
424 5177 486 5235 Non
512 5185 593 5252 potas
619 5195 665 5236 me
691 5178 776 5236 modo
801 5179 904 5252 sequi;
921 5201 935 5230 ιι
992 5175 1132 5253 pracedat
1146 5193 1198 5237 vos
1213 5179 1242 5236 iu
1258 5179 1418 5250 Delilmam,
1434 5179 1474 5234 lbi
1490 5189 1557 5234 eum
1572 5175 1719 5234 videbilisi
1734 5199 1749 5228 ιι
1761 5177 1815 5234 nan

104 5269 273 5325 affirmabat
289 5284 321 5324 ee
337 5282 433 5340 posse,
450 5268 600 5324 conlidens
616 5263 651 5324 dc
667 5267 779 5324 viribus
794 5267 866 5324 suis.
878 5267 936 5326 ita·
992 5267 1115 5343 quitur:

105 5357 371 5430 quocxparirneutc
382 5353 936 5424 concludendus,etsibimctostendeu-
1028 5360 1105 5432 [Cae.
1122 5355 1211 5432 xlv-i
1227 5379 1241 5408 ιι
1257 5361 1290 5413 ιιι
1304 5355 1345 5414 alt
1360 5357 1512 5430 discipulis
1527 5358 1609 5414 suls:
1634 5359 1696 5414 iton
1716 5359 1815 5415 turbs·

107 5449 164 5503 dus
176 5448 247 5514 erat,
265 5447 297 5502 ut
314 5445 393 5502 trulla
409 5437 545 5516 deinceps
560 5448 596 5502 dc
611 5449 691 5502 statu
707 5462 760 5502 suc
776 5448 936 5518 presumat
992 5452 1038 5502 tur
1052 5457 1101 5502 cor
1116 5445 1391 5503 restrum:Greuitle
1407 5445 1435 5500 in
1451 5442 1556 5516 Deum,
1579 5449 1609 5502 et
1630 5447 1660 5502 ln
1683 5461 1728 5502 me
1755 5461 1817 5503 cre·

108 5533 297 5602 tabula,cum
310 5539 369 5592 iem
383 5535 465 5592 tortis
476 5533 558 5608 lapsu
569 5535 606 5592 eit
618 5533 765 5591 columns.
778 5555 792 5586 ιι
805 5535 934 5606 Respon·
992 5533 1061 5592 dite.
1074 5557 1087 5584 ιι
1099 5535 1259 5606 Diligenter
1267 5531 1322 5591 hoc
1332 5533 1622 5591 anlniadvcrteuuunn
1634 5540 1678 5592 cst
1689 5537 1816 5592 maxime

108 5625 153 5680 dii
167 5623 275 5681 lesus:
293 5624 427 5680 nolanam
444 5628 524 5681 tuam
550 5639 600 5696 pro
627 5639 673 5680 rue
698 5621 806 5696 ponis?
829 5629 933 5693 omen,
993 5623 1133 5694 quianon
1151 5625 1202 5690 ait,
1219 5636 1275 5680 uon
1293 5623 1462 5695 turbemini,
1479 5624 1531 5682 scd
1556 5647 1569 5676 ιι
1588 5641 1644 5681 uon
1670 5627 1805 5684 turbetur
