3980 6046
166 207 227 270 903
728 199 899 261 ttUPutttt
921 199 1089 266 ABBA'l'lS
1112 205 1329 304 TUlTlENSlS
1813 207 1880 269 904

166 337 287 396 homine
302 334 443 402 interiori,
460 349 517 388 non
529 330 625 388 sotum
638 347 693 387 uon
710 330 852 403 gloriatur
863 332 892 387 in
905 332 990 389 iactis
1004 335 1031 402 A
1046 337 1178 396 omnium
1195 341 1375 399 vincentium
1388 341 1519 415 principe
1531 342 1670 416 propheta
1682 341 1755 398 dixit
1770 358 1803 397 :a
1818 341 1879 397 Da·

168 429 240 498 suis,
258 422 472 500 quantumlibet
500 421 585 477 bonis
607 423 636 476 ei
658 421 770 486 multis.
787 437 885 477 verum
902 423 990 477 etium
1047 427 1089 485 bit
1113 430 1285 502 percutienti
1310 431 1471 502 maxillam,
1498 433 1678 489 saturabitur
1706 430 1879 504 opprobriis

169 517 317 574 cruciatur
340 512 479 569 laudibus
501 509 576 577 auia,
602 509 761 566 delectatur
791 509 989 568 contumeliis.
1046 521 1258 593 (Tyrm,111),‚‚

169 605 250 678 Sapit
269 603 346 660 eninr
380 599 423 656 illi
459 601 537 671 quod
564 600 599 655 de
624 599 685 670 iam
716 598 794 655 dicto
822 600 934 656 victore
962 606 991 656 et

392 967 499 1038 888
523 967 837 1059 PROLOGUS
863 967 921 1053 ΙΝ
944 963 1390 1080 suuanUunTtS
1423 963 1651 1054 LIBllOS.

211 1359 268 1431 Qui
283 1357 360 1412 laudet
372 1371 454 1412 aures
469 1353 575 1410 audiuit
589 1361 719 1422 aseptem
742 1350 886 1424 spiritibus
899 1352 949 1406 Dei
963 1349 1028 1422 qnid
1043 1351 1164 1422 ipsorum
1190 1348 1387 1422 quisquedicat
1399 1349 1439 1406 uel
1457 1347 1560 1404 dicerit
1580 1348 1715 1404 Ecclesiis.
1734 1351 1877 1420 Deinceps
1977 1371 1978 1408 t

170 1445 339 1504 audiendum
356 1449 396 1501 est
410 1441 477 1516 quid
494 1451 520 1499 et
537 1443 655 1515 qualiter
668 1441 825 1498 eorumdem
842 1440 955 1512 quisquc
975 1441 1005 1495 in
1022 1439 1133 1496 Christo
1146 1439 1188 1494 uel
1199 1455 1247 1511 per
1258 1439 1398 1495 Claristum
1410 1441 1547 1510 operatus,
1562 1441 1588 1493 et
1602 1435 1692 1494 adius
1705 1448 1877 1510 operaturam
1977 1417 1978 1458 ³

166 1539 202 1593 sit
217 1553 228 1600 ,·
243 1539 322 1608 cujm
336 1533 409 1590 enim
422 1533 496 1589 dicta
511 1532 658 1589 secuudum
672 1539 775 1602 septem
789 1530 905 1601 spiritus
919 1547 938 1586 a
949 1531 1051 1602 spiritu
1062 1531 1170 1586 timoris
1180 1529 1215 1584 nd
1233 1530 1364 1601 spiritum
1376 1531 1519 1600 sapientise
1537 1527 1744 1600 proficiscendo,
1757 1544 1808 1600 per
1823 1543 1874 1584 or·
1977 1529 1978 1536 ’

170 1626 388 1681 dincmscrutots
399 1637 505 1688 sumus,
519 1623 640 1691 eiusdem
654 1619 722 1676 Filii
737 1618 786 1675 ilci
797 1621 874 1688 tacta
890 1617 1038 1674 miratttta
1061 1618 1162 1689 dyuris
1177 1619 1218 1675 uel
1238 1619 1406 1690 imaqinibus
1427 1619 1549 1688 mysticis
1576 1617 1698 1687 eierato,
1712 1627 1874 1691 septemque

172 1713 306 1787 periochis
320 1713 452 1768 distincta
471 1711 619 1767 secundum
643 1710 749 1766 eosdem
768 1707 895 1781 spiritus,
910 1708 957 1764 sed
971 1709 1068 1764 ordine
1082 1723 1210 1765 conuerso
1228 1724 1302 1763 nunc
1325 1707 1444 1779 aperire,
1459 1707 1519 1780 ipso
1529 1707 1678 1779 adjurante
1693 1707 1874 1763 conabimur.

170 1803 239 1859 num
253 1819 270 1858 a
285 1801 388 1873 spiritu
399 1801 548 1873 snpientia?
561 1798 723 1872 incipientes
735 1813 785 1870 per
796 1797 921 1853 ordinem
944 1797 980 1852 ad
998 1799 1127 1869 spiritum
1151 1797 1259 1853 timoris
1279 1797 1476 1869 perveniemus,
1493 1798 1541 1868 qui
1562 1795 1692 1852 uidelicet
1707 1797 1772 1853 ordo
1787 1813 1875 1867 super

170 1909 233 1950 cum
248 1891 387 1950 Girristum
400 1889 429 1946 in
443 1887 574 1962 propicia
588 1897 628 1946 est
646 1889 835 1962 praescriptus.
851 1886 901 1943 uli
914 1903 997 1960 super
1005 1887 1100 1957 {iorem
1109 1887 1271 1959 requiescet
1286 1885 1408 1958 spiritus
1418 1885 1671 1958 Domini,spiritus
1682 1885 1832 1959 sapientie
1845 1897 1874 1942 et

171 1984 348 2050 intellectus,
365 1981 487 2054 spiritus
503 1979 616 2037 consilii
633 1987 661 2036 et
678 1979 868 2045 tortitudinis,
884 1977 1005 2050 spiritus
1020 1977 1148 2034 scientiae
1161 1981 1189 2033 et
1204 1977 1329 2049 pietatis,
1346 1981 1375 2032 et
1390 1975 1511 2048 replevit
1535 1993 1602 2032 cum
1618 1975 1741 2048 spiritus
1755 1976 1874 2034 timoris

168 2073 284 2130 Domini
297 2075 361 2144 tlsa.
377 2071 419 2143 rt).
437 2072 562 2143 Denique
576 2070 624 2125 uiri
640 2068 771 2125 licclesiis
785 2069 953 2140 proponitur
974 2081 1112 2134 ascensus,
1133 2071 1163 2122 ut
1176 2065 1303 2137 superias
1327 2065 1462 2134 dicirnus,
1481 2064 1545 2121 ordo
1560 2055 1612 2122 iste
1629 2069 1806 2133 conuertitur,
1822 2067 1875 2139 qui

169 2161 306 2219 descendit
321 2161 357 2216 ud
370 2177 418 2218 nes
432 2160 547 2216 Domino
560 2167 599 2215 est
613 2159 775 2231 dispositus,
792 2155 1020 2228 quemadmodum
1043 2155 1191 2212 Psalmista
1214 2155 1280 2212 dicit
1295 2174 1305 2212 .·
1320 2155 1439 2211 Initium
1465 2154 1614 2228 sapientiae
1641 2155 1729 2212 timor
1751 2156 1871 2212 Domini

173 2251 249 2324 (Psoi
267 2252 322 2321 cx).
339 2249 391 2305 Nec
403 2263 465 2304 uero
480 2257 575 2305 coneto
591 2252 629 2302 est
640 2246 783 2318 expositio,
797 2251 828 2300 ut
852 2245 1004 2300 secundum
1028 2243 1101 2300 trano
1114 2244 1237 2301 ordinem
1252 2243 1402 2316 spirituum
1417 2246 1469 2301 ista
1483 2247 1869 2317 samamentorumscriptura

169 2341 273 2412 diycsta
289 2339 424 2399 dicatum
440 2339 511 2392 ultro
526 2338 600 2392 enim
617 2335 646 2390 in
661 2334 800 2406 plerisque
811 2349 862 2405 per
875 2336 949 2403 [acta
958 2331 1132 2403 imaqinaria
1147 2333 1264 2390 ostendit
1277 2349 1334 2390 sese
1347 2335 1501 2407 proprietas
1514 2335 1647 2406 cuiusque
1661 2333 1787 2407 spiritus.
1796 2336 1874 2406 Quod

168 2437 197 2482 nt
212 2428 288 2482 breui
299 2425 408 2497 judicio
424 2431 525 2492 patent,
541 2430 600 2494 post
619 2421 856 2478 ordinatissimam
873 2423 924 2476 Dei
937 2421 1028 2479 sedem
1041 2421 1160 2493 positam
1176 2423 1206 2476 in
1220 2421 1296 2488 calo,
1311 2421 1390 2494 cujas
1405 2423 1434 2477 in
1463 2419 1650 2494 dispositione,
1665 2431 1735 2478 recte
1750 2424 1872 2495 spiritus

164 2516 307 2587 sapientire
330 2511 534 2585 praedicabitur,
549 2511 651 2566 libram
665 2513 766 2582 septem
788 2510 889 2582 siyitlis
903 2511 1043 2580 siynotum
1067 2511 1155 2582 aperit
1177 2527 1275 2582 aynus,
1290 2511 1395 2568 soluens
1408 2511 1551 2583 siynaculn
1567 2513 1637 2582 eius,
1652 2517 1677 2568 et
1692 2511 1763 2568 illud
1777 2516 1869 2568 mani-

166 2607 236 2672 ieste
254 2618 320 2676 epus
337 2601 480 2657 laudabile
491 2609 532 2656 est
543 2600 662 2671 spiritus
677 2600 839 2667 intellectus¹
857 2599 905 2672 qui
923 2606 963 2656 est
975 2601 1007 2657 in
1018 2599 1114 2656 ordine
1128 2599 1271 2658 recaredus.
1289 2599 1390 2657 Dmnde
1403 2601 1497 2672 mayni
1510 2601 1622 2657 consilii
1642 2601 1775 2672 Anystus,
1790 2611 1871 2658 stans
1977 2593 1978 2628 l

159 2693 245 2764 jacta
261 2707 341 2748 aram
355 2691 462 2762 tempii,
477 2688 654 2761 conspicitur,
667 2693 694 2744 et
705 2690 827 2761 mysticis
846 2692 946 2762 septem
966 2689 1093 2746 tutorum
1115 2689 1252 2758 cantibus,
1274 2689 1437 2762 mysterium
1450 2687 1500 2746 Dei
1513 2695 1729 2759 consumamtur,
1746 2689 1817 2762 qaod
1833 2691 1870 2746 nd

146 2851 148 2859 s
166 2781 299 2854 spiritum
313 2779 426 2837 consilii
438 2781 575 2852 pertinere
589 2795 642 2835 non
658 2779 823 2835 dubitamus.
839 2779 941 2848 Quarto
956 2779 1014 2835 loco
1025 2780 1109 2836 droco
1123 2795 1244 2851 moqnus
1259 2785 1287 2834 et
1312 2779 1391 2850 rusus
1414 2779 1515 2835 linteas
1536 2779 1628 2852 capito
1640 2783 1752 2852 septem,
1767 2781 1870 2836 mulie·

164 2887 225 2927 rem
240 2871 397 2943 impuyuat.
414 2868 542 2925 dlictaele
555 2867 703 2940 praeliante
714 2877 740 2924 et
753 2867 864 2939 anqelis
879 2867 947 2938 eius,
962 2867 1044 2925 draco
1058 2884 1121 2924 cum
1144 2869 1249 2938 amyclis
1265 2869 1322 2924 suis
1337 2871 1367 2924 in
1392 2872 1495 2925 terram
1517 2867 1675 2940 projicitur,
1691 2873 1720 2925 nt
1734 2869 1796 2924 illic
1809 2871 1872 2927 sine
1977 2909 1978 2914 κ

164 2960 245 3018 datio
256 2961 370 3033 spiritus
384 2959 568 3031 tortitudinis,
585 2957 633 3030 qai
648 2966 761 3030 quartur
776 2965 825 3027 est,
840 2957 1054 3015 commendatur.
1072 2957 1171 3026 Quinta
1187 2960 1242 3014 toro
1263 2957 1375 3031 spiritus
1397 2960 1522 3016 scientie
1540 2957 1571 3015 ia
1590 2965 1692 3032 septem
1706 2957 1868 3030 anyelerum

161 3051 278 3124 ptiaiis.
295 3049 377 3107 Scato
392 3049 449 3106 loco
464 3046 496 3104 in
509 3047 646 3120 sanquine
660 3053 817 3120 martyrum
829 3049 902 3113 iesu,
919 3063 972 3119 quo
987 3048 1090 3104 mutter
1104 3047 1181 3104 etrr'a
1198 3047 1359 3120 ostenditur,
1374 3049 1434 3104 inus
1448 3056 1487 3104 est
1502 3049 1620 3120 pietatis.
1643 3047 1763 3120 Septimo
1778 3058 1875 3104 autem
1977 3119 1978 3124 η

163 3145 194 3198 in
209 3139 370 3197 adveniente
384 3140 450 3198 noia
474 3137 573 3209 iudicii
595 3138 654 3207 Dei,
679 3137 788 3212 quando
807 3154 825 3193 a
847 3141 933 3204 terra,
949 3153 965 3191 n
985 3135 1068 3203 mari,
1084 3141 1112 3193 et
1137 3137 1171 3193 al
1186 3138 1298 3206 interno
1313 3153 1405 3194 omnes
1420 3136 1578 3194 redduntur
1590 3140 1694 3194 nrortui
1707 3137 1768 3194 sine
1787 3137 1874 3195 datio
1977 3133 1978 3180 l

164 3238 252 3286 totum
265 3235 365 3301 spectat
379 3227 415 3282 nd
429 3226 539 3282 timoris
553 3225 695 3297 spiritum.
711 3225 814 3282 Deinde
827 3225 892 3296 finis
909 3226 957 3282 uiri
972 3232 1071 3282 ornata
1088 3227 1241 3283 ostenditur
1253 3225 1422 3296 Jerusalem,
1436 3242 1508 3282 uxor
1517 3229 1593 3298 ayni,
1609 3227 1708 3283 ciuitas
1718 3225 1777 3284 uei.
1793 3227 1868 3297 Quid
1977 3239 1978 3258 ¹

161 3315 307 3389 pulchrius
321 3315 373 3370 lroc
382 3311 548 3384 spectaculo,
559 3311 734 3367 mirabilium
748 3310 835 3376 Deio
850 3327 896 3368 uos
911 3311 1068 3384 quicunque
1082 3317 1245 3386 spectatores
1261 3315 1311 3369 liei
1325 3311 1449 3369 adestis?
1460 3311 1574 3385 Aperiat
1588 3312 1648 3382 iam
1662 3313 1740 3369 nodis
1749 3315 1808 3384 ipse
1818 3315 1870 3385 qui
1977 3359 1978 3376 t

162 3403 250 3472 habet
265 3402 377 3459 olavam
394 3398 483 3456 David
498 3403 618 3456 sanctus
633 3403 769 3469 etverus,
784 3407 810 3456 et
833 3399 1010 3456 sanctitatem
1033 3405 1057 3456 et
1072 3402 1219 3458 ceritatem
1244 3403 1324 3459 istam
1347 3403 1433 3460 claris
1454 3403 1541 3460 oeulis
1564 3405 1666 3476 aisque
1684 3401 1806 3475 ealiyiae
1819 3402 1869 3459 in·
1977 3423 1978 3488 ἐ

163 3497 301 3548 tueamur.

738 3769 923 3867 LIBER
957 3771 1294 3872 SECUNDUS.

806 4006 1220 4030 m

199 4159 264 4215 Gar.
276 4160 366 4214 lV.-
385 4179 395 4206 ι
417 4157 553 4214 Posthac
562 4155 985 4234 uidi‚etecoeostiumapertum
1002 4163 1025 4227 B
1040 4163 1099 4216 tem
1113 4177 1225 4229 seeum,
1255 4163 1470 4220 resurrectione
1494 4163 1600 4236 prima.
1618 4165 1691 4232 Quid
1708 4170 1754 4222 eat
1771 4171 1870 4223 autem

163 4245 284 4304 inanito.
303 4269 317 4298 s
332 4244 398 4302 Vidi
413 4261 480 4304 cum
497 4246 577 4314 dicit,
605 4249 634 4301 et
648 4246 703 4302 hoa
717 4245 746 4301 in
763 4245 825 4303 loeo
840 4252 869 4303 et
885 4249 913 4304 ia
929 4263 985 4304 cae·
1042 4248 1097 4305 hoc
1108 4250 1296 4319 ostium,niei
1308 4250 1432 4325 ipsaqui
1444 4251 1554 4308 dieit:«
1568 4254 1626 4327 ligo
1642 4271 1708 4311 suan
1721 4257 1845 4312 ostium.
1856 4277 1871 4305 a

165 4335 247 4400 teris,
265 4340 342 4390 recto
358 4333 548 4391 beatitudinis
563 4335 914 4405 eiuscommemoramun
931 4353 990 4408 qua
1042 4336 1172 4412 Denique
1187 4343 1268 4408 tono,
1287 4344 1319 4395 ut
1346 4339 1452 4398 coelum
1468 4342 1624 4415 terrigenis
1650 4342 1872 4401 introeuntibus

165 4438 232 4478 vere
248 4422 439 4480 beatissimus
457 4427 503 4479 est
517 4421 593 4478 iuter
607 4439 656 4478 eoa
672 4423 778 4494 quibus
794 4424 908 4481 Veritas
927 4425 988 4480 ait:
1043 4430 1149 4498 pateat,
1166 4428 1219 4484 hoo
1235 4427 1344 4485 ostium
1370 4435 1504 4502 apertum
1530 4435 1585 4502 est,
1601 4435 1719 4504 quando
1734 4432 1871 4490 Christus

165 4533 178 4562 a
198 4509 277 4566 Beati
293 4510 370 4566 oculi
385 4511 435 4582 qui
451 4510 551 4566 vident
563 4527 626 4582 quar
637 4527 687 4567 vos
700 4511 804 4568 videtis
815 4513 888 4584 (luc.
900 4515 957 4580 rx).
975 4533 989 4564 a
1041 4522 1188 4586 passus,et
1203 4515 1280 4572 latua
1294 4518 1359 4588 ejus
1373 4517 1474 4576 lancea
1492 4520 1619 4578 militum
1634 4523 1814 4594 patelactum
1826 4527 1873 4578 eet

165 4597 264 4656 Gloria
284 4599 724 4671 namquoquemsideretcum
755 4601 876 4669 ceteris,
899 4599 990 4672 gloria
1042 4604 1132 4678 (ioan.
1152 4607 1189 4677 a).
1207 4605 1411 4664 uxtuneentm
1436 4625 1559 4682 reguum
1585 4611 1634 4666 Dei
1652 4611 1871 4681 internoscat,

165 4685 988 4762 Verbiincarnati,dequadioit:«Etvidimuagloriam
1042 4695 1192 4752 destructo
1222 4695 1356 4753 videlieet
1380 4712 1469 4770 regno
1493 4700 1615 4771 peccati,
1640 4701 1716 4772 quod
1745 4705 1870 4756 eatenus

165 4779 240 4849 ejus,
254 4776 374 4850 gloriam
387 4778 470 4850 qusai
482 4777 624 4849 unigeniti
640 4793 657 4833 a
671 4777 858 4850 Petroliaco.
876 4779 897 4850 t)
915 4795 921 4848 ;
938 4796 988 4834 en·
1042 4784 1181 4854 regnabat
1196 4782 1226 4840 iu
1247 4786 1369 4842 tutando.
1384 4785 1437 4844 lile
1451 4787 1502 4843 tali
1515 4789 1668 4862 apertione
1681 4789 1774 4861 hujus
1790 4789 1870 4858 ostii,

159 4867 210 4940 jus
225 4885 287 4925 rem
301 4868 412 4925 viderat
427 4884 495 4925 cum
511 4867 633 4932 ceteris,
649 4866 777 4939 gloriosa
792 4865 927 4924 videlicet
944 4869 988 4924 si·
1042 4871 1261 4946 scripturarum
1276 4890 1391 4948 quoque
1402 4893 1507 4932 aroana
1522 4883 1772 4951 pedemontanae
1781 4878 1870 4936 nimi-

164 4973 234 5030 gna,
249 4961 278 5016 et
292 4975 350 5030 prm
371 4958 484 5015 ceteris
500 4972 533 5014 eo
549 4962 680 5029 tempore
707 4956 784 5028 quod
812 4955 913 5014 clausa
926 4964 990 5015 erat
1043 4979 1108 5019 rum
1119 4962 1694 5038 spiritualiterintelligerentsecuudum
1705 4967 1869 5034 ensvivere,

163 5051 251 5117 terra,
263 5053 293 5104 et
307 5047 461 5104 exsulabat
489 5051 606 5118 propter
629 5044 756 5102 Verbum
777 5045 841 5112 Dei,
855 5054 988 5120 apertum
1040 5067 1163 5125 regnare
1187 5052 1246 5122 jam
1274 5057 1319 5108 eet
1340 5052 1371 5109 in
1387 5069 1476 5126 regno
1494 5055 1555 5124 Dei,
1570 5058 1599 5112 at
1614 5055 1867 5114 conversationem

164 5140 208 5194 eat
218 5137 243 5194 ei
255 5135 403 5206 acclamet
411 5134 655 5209 pet-latitudinem
669 5135 732 5206 ejus
745 5135 781 5191 ad
792 5135 918 5192 videnda
928 5135 988 5194 hac
1039 5140 1148 5197 habere
1164 5139 1194 5195 in
1208 5137 1299 5196 coelis.
1316 5162 1331 5192 a
1348 5142 1440 5216 Igitur
1453 5143 1523 5212 vidi,
1539 5143 1649 5217 inquit,
1665 5144 1773 5202 ostium
1787 5162 1869 5217 aper-

163 5226 255 5284 libaro
282 5227 387 5299 spiritu
417 5225 628 5282 incessit-lit
654 5241 730 5292 ecoe,
755 5226 986 5298 inquit,natium
1042 5229 1146 5287 tumin
1160 5227 1243 5295 aoelo.
1259 5228 1287 5285 id
1303 5234 1358 5301 esi,
1391 5231 1469 5304 quod
1496 5233 1624 5290 sciebam
1652 5234 1683 5290 in
1708 5251 1749 5305 re,
1763 5233 1823 5290 vidi
1838 5251 1867 5291 tu
1977 5213 1978 5236 ¹

162 5321 295 5388 apertum
312 5315 341 5371 in
355 5314 438 5372 coelo.
459 5335 473 5364 a
489 5311 599 5370 Caelum
615 5313 663 5371 hio
678 5315 826 5371 caelestem
844 5315 935 5372 uitam
946 5319 988 5373 si·
1040 5317 1181 5390 imagine,
1195 5316 1307 5373 seilicet
1322 5321 1402 5392 regni
1421 5319 1560 5378 caelorum
1575 5323 1699 5394 januam
1716 5321 1867 5378 Christum

164 5405 332 5475 gnificatatt
345 5421 432 5476 quam
444 5419 536 5475 nuper
546 5405 724 5478 resurgendo
735 5404 869 5461 Christus
880 5421 895 5460 a
907 5422 985 5463 mor·
1040 5423 1103 5466 esee
1116 5423 1123 5474 ;
1136 5406 1257 5477 januam
1266 5408 1440 5478 patefactam
1457 5408 1629 5466 hominibus
1645 5410 1682 5467 ab
1696 5409 1866 5482 ipsiuspas·

158 5491 233 5559 tute,
251 5492 418 5548 universam
432 5492 591 5549 Ecclesiam
608 5493 986 5568 suscitaveratcousurgen·
1038 5497 1121 5555 sione
1137 5493 1211 5568 (Luc.
1225 5493 1307 5568 xvir).
1324 5499 1358 5552 nt
1377 5512 1429 5554 vox
1445 5497 1542 5570 prima
1565 5513 1654 5570 quam
1686 5497 1784 5556 audivi
1799 5501 1864 5556 tan·
1977 5523 1978 5562 3
