3980 6046
1049 45 1055 72 i

109 269 171 327 825
512 263 713 324 COMMENT.
739 267 779 326 IN
801 267 1089 332 trecentesim.
1113 301 1151 317 ·-
1172 269 1391 334 PROLOGUS.
1754 271 1815 330 826

101 393 350 469 irrefragabiliter
370 409 471 452 verum
488 397 542 452 esi.
560 395 631 453 licce
646 397 725 453 enim
741 397 821 455 hunc
835 397 930 456 solum
948 405 974 470 Α
989 406 1105 475 caperet
1120 403 1261 469 mundus,
1278 405 1307 459 ei
1325 402 1361 457 ed
1378 401 1568 475 quarendum
1583 399 1768 469 lastidiosus,
1784 405 1814 457 et

104 485 230 553 librum,
244 483 294 557 qui
310 483 347 540 ab
363 483 417 540 huc
433 483 577 556 discipulo
589 485 719 558 scriptus
734 495 788 554 est,
804 489 933 546 mundus
988 490 1022 547 nd
1039 489 1263 564 intelligendum
1278 491 1413 547 obtusus.
1430 490 1608 563 igiturquia
1624 489 1733 562 quibus
1749 488 1810 545 huc

105 590 212 648 cupere
227 591 285 632 non
298 577 403 646 potest,
422 577 450 628 sl
464 589 532 631 cum
554 590 631 631 unus
646 575 806 634 homuncio
823 578 935 651 pugillo
991 597 1144 654 paucnpro
1159 580 1392 637 testimonionon
1409 580 1626 649 sufficiunt,nec
1642 577 1812 650 multnpro-

105 680 176 722 oum
192 662 342 720 continere
370 666 467 736 quest,
484 661 659 721 unirersttas
674 663 828 722 hominum
846 671 936 724 lolem
991 669 1298 738 deruni,sedeataunc
1309 668 1447 725 emeritus
1459 669 1551 738 luetis,
1567 667 1637 739 quia
1664 667 1811 724 benevolis

107 753 315 826 mysteriorum
332 752 396 824 ejus
412 753 642 826 prolanditatem
655 769 759 827 capere
775 771 831 812 non
848 756 935 813 velet.
991 758 1175 814 auditoribus
1191 759 1264 816 salis
1278 759 1455 828 factumest,
1471 756 1571 814 lesum
1583 771 1648 812 esso
1664 756 1812 812 Christum

107 845 223 909 Quanto
243 843 336 915 magis
363 841 389 899 ei
416 842 553 900 univorsa
583 844 849 916 conscriberentur,
878 863 937 904 non
994 847 1099 904 Filium
1118 847 1178 906 Dei.

107 1023 1812 1058 ΜΨ

528 1206 973 1332 PROLOGUS
1021 1207 1394 1330 ltUPllltTl

358 1472 425 1566 m
477 1469 930 1567 nrooaunrsun
976 1471 1242 1567 volumus
1288 1469 1598 1566 Aramum

516 1679 562 1734 AD
580 1677 801 1736 FRllllilthUM
815 1669 1126 1738 Ahcutuutscouttu
1142 1677 1405 1736 GOLONlENSbM.

803 1869 1120 1893 *ομ-ν·-

138 2051 216 2107 Μθ
231 2055 306 2110 (litu
320 2066 435 2123 quoque,
451 2049 644 2106 auerterubilis
660 2050 862 2108 coloniensium
877 2053 1066 2124 archipraesul
1078 2052 1226 2120 driderice,
1246 2054 1391 2124 proesentis
1407 2056 1433 2110 cl
1443 2070 1603 2125 cupressum
1616 2053 1646 2110 in
1657 2053 1807 2127 Scripturis

100 2140 392 2212 veritatisexemplam
404 2139 538 2213 perdocet,
551 2140 658 2196 cunctis
674 2139 709 2196 ad
720 2157 812 2197 aarum
827 2141 1047 2213 repromissionis
1061 2151 1161 2198 terrum
1177 2141 1352 2200 tendentibus
1368 2157 1420 2214 qua
1432 2145 1487 2198 sint
1499 2145 1588 2210 mites,
1605 2143 1709 2213 spiritu
1723 2148 1809 2215 prieta-

103 2227 139 2284 tis
157 2245 224 2301 cqus
238 2232 286 2286 est.
300 2229 378 2285 Beati
395 2246 521 2299 uanique
533 2230 626 2297 tuitus,
643 2229 755 2302 ellipse
773 2232 916 2300 Datninus,
939 2231 1079 2304 quoniam
1094 2232 1149 2302 ipsi
1167 2231 1360 2302 possidebunt
1375 2236 1481 2287 terram
1499 2231 1603 2304 (llotlb.
1621 2234 1649 2304 v)
1666 2235 1805 2300 ;irnrnilrs

102 2335 120 2372 a
136 2317 306 2375 beatitudine
316 2319 476 2384 excludens,
487 2334 619 2390 quoniam
629 2319 683 2391 ipsi
690 2337 746 2374 stou
760 2320 937 2392 possidebant
949 2325 1063 2378 terrons.
1083 2322 1264 2392 Uirarurnquc
1276 2319 1385 2376 scilicet
1399 2327 1424 2377 et
1441 2337 1535 2376 aarum
1550 2323 1598 2394 qui
1611 2325 1806 2390 conticiscunt

104 2405 208 2464 idcirco
219 2407 397 2480 possidebunt
409 2413 553 2474 ierrom,et
566 2410 662 2463 iarttm
675 2408 724 2478 qui
737 2415 801 2464 sunt
814 2407 973 2477 introiisset
988 2409 1091 2466 idcirco
1102 2424 1156 2466 nan
1167 2408 1342 2482 possidebant
1355 2413 1472 2478 terrum,
1488 2419 1584 2465 notum
1596 2410 1701 2466 celebre
1715 2429 1809 2468 vuarn-

106 2495 184 2566 plum
199 2496 228 2550 in
243 2495 532 2566 illisccplcratoribus
547 2512 708 2567 expressum
721 2501 771 2564 cst,
786 2515 853 2567 qnos
862 2498 977 2570 jubente
990 2497 1104 2555 Domino
1114 2499 1189 2554 misit
1203 2499 1307 2570 tlloyses
1325 2501 1361 2552 ad
1376 2497 1605 2554 considerandum
1620 2505 1723 2556 terram
1738 2501 1809 2555 Clttt-

107 2601 196 2641 naam
212 2587 280 2642 llam
295 2585 386 2657 quiec
402 2587 457 2643 illi,-
472 2587 686 2658 mitesduerunt,
704 2587 731 2642 id
742 2591 792 2653 esi,
806 2589 854 2659 qui
864 2589 1006 2645 ueritatem
1016 2587 1146 2656 scicrttcs,
1161 2589 1187 2643 ei
1196 2604 1251 2644 nors
1262 2587 1493 2659 repuquuoerunt,
1509 2587 1635 2644 uidelicet
1647 2590 1728 2646 larue
1737 2590 1813 2661 filins

106 2676 182 2742 Nun,
197 2680 222 2732 et
239 2675 340 2748 Caicpb
351 2677 427 2748 ilius
449 2675 588 2748 iepltnna’,
605 2675 722 2733 dicentes
739 2694 745 2733 :
774 2678 855 2733 Terra
870 2695 953 2749 quam
966 2677 1178 2734 circumluimur
1192 2677 1270 2734 valde
1285 2677 1355 2734 bona
1371 2687 1419 2746 cst,
1431 2679 1455 2732 si
1469 2679 1604 2750 propitius
1618 2679 1704 2750 inerit
1720 2681 1809 2736 Duriti-

107 2781 171 2836 nus,
187 2764 297 2822 inducet
311 2783 359 2822 ctos
375 2765 404 2822 in
428 2783 502 2836 eam,
517 2769 544 2823 el
558 2765 646 2822 tradet
662 2766 779 2822 buniam
803 2767 871 2824 lactc
885 2775 911 2825 et
926 2767 1011 2824 melle
1025 2777 1184 2825 rnanarctcm
1197 2784 1209 2830 ‚·
1224 2768 1310 2824 nolite
1335 2767 1450 2822 rebelles
1462 2783 1518 2822 csse
1540 2778 1637 2826 contra
1652 2771 1810 2836 Dorrsinum,

105 2855 163 2927 ipsi
178 2855 351 2927 possiderunt
365 2859 468 2911 terram
485 2874 492 2924 ς
508 2856 605 2912 ceteri
615 2862 715 2924 autem,
727 2856 776 2928 qui
791 2857 911 2913 immites
925 2866 952 2914 ct
966 2859 1079 2913 rebelles
1093 2861 1208 2930 fuerunt
1219 2857 1353 2913 adversvs
1364 2857 1516 2923 ueritatem,
1528 2864 1555 2911 et
1570 2861 1663 2912 corrtra
1674 2861 1810 2914 caturcien-

104 2946 176 3002 tiam
190 2943 333 3017 propriam
349 2945 489 3017 loquentes
518 2950 545 3000 et
560 2945 680 3002 dicentes
698 2962 704 2999 :
721 2946 809 3002 'serra
823 2962 912 3017 quum
927 2944 1115 3003 lustravimus
1131 2947 1250 3002 devorat
1265 2945 1443 3000 habitaturus
1459 2962 1527 3001 suns
1543 2947 1634 3016 (tinen.
1650 2947 1713 3017 xttt)
1729 2967 1736 3012 ;
1754 2950 1807 3020 ipsi

106 3051 165 3090 rron
179 3033 359 3105 possederunt
375 3033 500 3090 eamdem
515 3039 629 3089 terrum.
648 3034 718 3104 Quid
734 3038 824 3090 aulem
840 3051 919 3092 sacra
935 3035 1014 3092 nabis
1028 3033 1186 3106 Scriptura,
1203 3035 1261 3090 nisi
1274 3050 1335 3089 vern
1351 3031 1572 3104 repromissionis
1587 3039 1627 3088 est
1646 3037 1720 3090 terra
1736 3035 1749 3089 ‘i
1766 3037 1813 3092 lie-

105 3125 192 3196 nique
200 3124 275 3195 quad
287 3125 343 3194 ivit
358 3123 415 3180 illis
425 3123 606 3194 corporaliter
620 3122 652 3179 do
667 3125 781 3196 AEqqpto
796 3124 882 3192 exire,
898 3131 922 3179 et
937 3124 967 3179 in
983 3123 1062 3179 illam
1078 3121 1301 3196 repromissionis
1316 3127 1420 3178 terram
1436 3123 1564 3187 introire,
1576 3123 1624 3178 bac
1635 3123 1712 3178 nobis
1726 3133 1765 3180 cst
1780 3125 1813 3180 de

104 3211 226 3268 tenebris
241 3211 404 3284 iqnorantiae
418 3212 519 3279 exisse,
533 3221 560 3269 et
583 3211 620 3268 ad
639 3213 769 3268 notitiam
784 3213 833 3268 liei
853 3229 901 3283 pcr
916 3211 1126 3283 Scriptururum
1139 3209 1288 3268 ueritatem
1312 3211 1437 3267 introirn.
1454 3211 1510 3266 bno
1525 3209 1715 3266 ‹sburrduntius
1731 3213 1814 3268 nobis

104 3307 156 3358 hoc
171 3303 220 3370 est,
241 3301 368 3358 videlicet
384 3307 517 3373 quantum
532 3301 664 3358 umbram
679 3313 728 3357 aut
743 3301 867 3375 fiqoram
880 3300 1016 3372 proecellii
1030 3317 1127 3373 corpus
1137 3309 1186 3357 nat
1196 3317 1250 3358 res.
1263 3299 1387 3356 Nondum
1400 3300 1512 3372 quidum
1527 3299 1592 3355 dum
1603 3301 1760 3372 Scripturas
1773 3302 1811 3358 le·

102 3392 197 3462 qimus
211 3393 263 3447 aut
278 3389 471 3461 inlelliqimas,
486 3392 561 3461 lucie
576 3391 614 3446 ad
627 3393 727 3462 taciem
744 3392 893 3448 Dominum
908 3389 1032 3446 videmus
1042 3409 1049 3461 ;
1061 3399 1253 3446 verumtamen
1266 3389 1327 3464 ipsu
1342 3391 1480 3456 licionio,
1496 3405 1558 3462 quae
1568 3389 1815 3464 quondoqurpcrfi-

107 3477 209 3536 cienda
224 3487 273 3548 est,
284 3479 396 3547 bicinrn
411 3495 460 3552 per
475 3477 632 3550 Scripturas
649 3479 805 3536 inchoatur.
823 3479 855 3535 m
868 3495 993 3552 quaenam
1010 3488 1091 3536 terra
1107 3478 1201 3552 liujus,
1219 3479 1317 3547 idest,
1343 3482 1447 3537 sunctae
1462 3478 1612 3552 Scripturas
1624 3496 1691 3552 porr
1705 3479 1816 3536 uberior

107 3570 149 3624 esi
167 3583 253 3638 quum
269 3567 314 3623 bic
328 3567 398 3624 liber
411 3569 587 3640 Apocalypsis
601 3570 714 3626 lucrinis
725 3569 841 3641 aposloli
856 3589 864 3638 ;
880 3570 916 3623 ud
926 3585 1008 3640 qoam
1018 3567 1143 3624 videlicet
1157 3578 1266 3640 partem
1277 3569 1400 3624 studiosa
1412 3567 1591 3625 meditatione
1602 3568 1815 3641 explorandam,

103 3673 149 3714 me
163 3661 276 3713 inarum
289 3659 410 3714 nrucimc
423 3657 634 3714 collocutionum
643 3659 807 3729 jucunditas
821 3660 961 3714 excitauit.
980 3659 1102 3714 lnslabal
1118 3660 1191 3714 enirn
1206 3659 1249 3713 oir
1264 3657 1398 3728 reliqioue
1414 3659 1546 3727 illustris,
1560 3663 1587 3712 et
1603 3657 1630 3712 in
1651 3660 1738 3714 sacris
1758 3663 1814 3714 siu·

103 3747 202 3804 diosus
213 3747 324 3820 litteris,
340 3746 468 3803 dominus
484 3747 560 3804 Cano
574 3747 658 3804 abbas
673 3747 790 3805 coencbii
800 3747 1015 3818 Siqeberqensis,
1032 3746 1157 3820 quaedam
1172 3747 1239 3802 libri
1253 3746 1335 3819 liujus
1350 3746 1471 3818 capitula
1482 3745 1562 3818 prius
1577 3747 1817 3816 seorsumdeiudo

103 3840 131 3892 te
152 3851 258 3909 qnoque
277 3836 408 3893 audiente
423 3853 600 3908 proponens;
621 3853 654 3893 aa
677 3837 802 3894 uidelicet
825 3835 988 3905 intentione,
1015 3841 1044 3891 ut
1069 3839 1095 3892 el
1111 3835 1163 3892 tibi
1182 3844 1350 3906 cornpertnm
1370 3842 1449 3904 esset,
1465 3835 1538 3906 quod
1553 3851 1610 3905 eqo,
1641 3835 1680 3903 (ui
1693 3835 1809 3905 putabat

102 3925 174 3998 ipse]
194 3925 275 3982 ultra
289 3926 317 3982 id
336 3925 405 3998 quod
419 3926 588 3998 antiquiores
598 3929 689 3996 patres
702 3926 805 3982 librum
817 3925 890 3982 bunc
902 3927 1062 3997 exponendo
1073 3931 1216 3981 senserunt
1226 3924 1268 3980 orl
1278 3921 1533 3994 diceronl,oliqaid
1548 3922 1657 3978 utiliter
1668 3939 1815 3993 superero«

102 4033 171 4090 qore
186 4031 298 4088 possent.
315 4016 414 4088 dqobot
424 4015 469 4071 bic
482 4015 659 4088 pernimium
674 4030 733 4073 succ
744 4014 842 4071 mentis
859 4013 1144 4086 benevolentiamque
1157 4011 1324 4084 jamdudum
1337 4011 1370 4067 de
1384 4011 1522 4080 parcitate
1536 4027 1597 4067 osea
1611 4012 1713 4068 sentire
1725 4028 1812 4084 caepc-

103 4111 149 4163 rat
163 4105 251 4163 altius
274 4122 358 4179 quom
380 4121 408 4162 se
422 4105 501 4162 babet
516 4107 622 4177 inqcnii
639 4107 693 4162 mei
705 4103 883 4174 passibilitas.
908 4103 1047 4160 Nimirum
1063 4108 1090 4159 et
1105 4110 1172 4159 ante
1187 4105 1213 4158 el
1238 4111 1298 4174 post
1313 4101 1424 4158 eosdem
1453 4101 1624 4166 collationes,
1640 4104 1667 4156 ut
1683 4101 1732 4156 boc
1745 4117 1814 4172 optus

103 4196 279 4268 aqqrederer,
295 4195 398 4252 institit
414 4215 421 4264 ;
438 4211 487 4252 nec
499 4195 687 4268 persuadendo
704 4192 819 4261 destitit,
832 4194 918 4249 clotten
933 4193 1052 4264 landem,
1065 4195 1094 4248 ul
1109 4192 1225 4260 volcbal,
1241 4193 1332 4248 euicit.
1351 4190 1645 4263 Quae,inqoanr‚socr·cc
1660 4190 1814 4264 Scriptura

105 4289 203 4356 series,
219 4287 270 4342 buc
284 4287 458 4360 Apocalypsi,
470 4291 519 4342 aut
534 4287 564 4342 in
574 4286 717 4359 superficie
731 4284 883 4358 pulchrior,
900 4287 947 4340 aul
962 4285 992 4340 in
1006 4299 1089 4340 sensu
1100 4293 1140 4340 est
1155 4281 1340 4354 locupletior?
1354 4283 1473 4350 iterrim,
1488 4284 1560 4338 sicul
1575 4289 1640 4340 autc
1654 4299 1703 4340 nos
1713 4283 1816 4339 dictum

106 4379 143 4433 cst
160 4377 259 4447 [Hira.
275 4375 306 4431 in
322 4383 526 4448 argumentum
542 4373 632 4445 hujus
647 4373 726 4446 libri]
736 4380 772 4430 tot
787 4373 870 4430 babet
884 4381 1067 4441 sacramenta,
1083 4373 1249 4444 quotvcrbn,
1264 4388 1364 4444 parum
1379 4371 1562 4442 circumerant
1577 4390 1625 4445 pro
1637 4373 1815 4430 meritevolu·

106 4464 194 4520 urinis
211 4462 278 4521 iaus
297 4465 385 4521 connis
399 4463 520 4534 inferior
530 4472 579 4520 est.
592 4465 622 4520 ln
639 4461 857 4536 uerbissinqulis
871 4463 1038 4534 rttultipliccs
1053 4463 1139 4519 latent
1153 4461 1356 4532 inteliiqcntise.
1373 4462 1404 4520 tlt
1419 4461 1505 4534 iqitur
1520 4465 1623 4518 terram
1635 4463 1721 4520 isium
1732 4462 1816 4535 possi-

111 4555 240 4622 ieurnus,
265 4553 392 4625 fidelium
417 4551 634 4625 exploratorum,
650 4553 698 4626 qui
714 4555 793 4610 mites
804 4555 927 4624 inerunt,
948 4552 1103 4624 exemplum
1117 4564 1265 4624 sequamur
1283 4551 1398 4608 dicendo
1413 4555 1508 4609 contra
1523 4551 1645 4609 intnrites
1660 4552 1816 4618 becreticos,

108 4642 178 4698 lioic
197 4649 279 4697 terra
289 4641 474 4709 detrabentes,
491 4643 624 4714 quoniam
640 4645 714 4698 terra
728 4658 811 4714 quam
825 4640 1033 4697 circumivimus
1048 4641 1129 4698 valde
1144 4643 1213 4698 bona
1227 4645 1276 4697 est.
1293 4641 1346 4712 ipsi
1361 4639 1466 4707 dicant,
1482 4645 1559 4698 terra
1573 4658 1660 4714 quem
1677 4640 1816 4699 lustravi-

109 4747 178 4788 mus
193 4731 311 4788 dcnorat
327 4730 506 4788 habitatores
522 4745 602 4801 snos,
617 4731 662 4788 scd
676 4733 862 4788 mussitantur.
877 4732 936 4788 Nori
949 4729 1025 4788 enim
1040 4739 1115 4788 terra
1137 4732 1202 4798 ista,
1219 4736 1296 4786 terra
1309 4729 1367 4799 liei,
1393 4730 1509 4786 devorat
1526 4730 1703 4786 habitatores
1718 4744 1788 4784 suos
1806 4745 1813 4783 :

112 4821 160 4876 sed
174 4835 233 4877 suae
248 4821 370 4892 ipsorum
385 4818 593 4878 adinventiones
608 4819 738 4877 devorant
752 4819 891 4894 superbos,
906 4819 980 4878 sicul
996 4823 1237 4876 murmuratorum
1252 4819 1365 4875 illorum
1379 4817 1580 4890 quosdam,non
1598 4817 1649 4874 illa
1665 4816 1816 4890 repromis-

110 4911 200 4966 sionis
216 4913 293 4966 ierru
305 4926 387 4981 qaam
406 4925 462 4966 non
476 4908 641 4982 attinerent,
659 4909 705 4966 sed
719 4927 779 4982 ipsa
794 4925 877 4982 quum
892 4909 1035 4966 calcabant
1051 4916 1127 4965 terra
1138 4907 1276 4965 devoravit
1287 4907 1482 4976 etdquutioit,
1496 4907 1621 4979 disrupta
1638 4907 1687 4962 sui
1702 4904 1817 4978 pedibus

112 5015 218 5057 eorum.
234 4999 354 5056 Proinde
376 4999 499 5071 expedit,
513 5007 553 5068 ut,
569 4999 639 5055 sicut
647 4999 710 5070 ‚inm
724 4999 828 5056 dictum
845 5005 899 5067 est,
914 4998 995 5056 mites
1009 4997 1105 5055 aniona
1121 5000 1216 5066 simas,
1232 4996 1385 5068 quicunque
1400 4995 1472 5052 banc
1498 5005 1611 5060 terram,
1627 4995 1660 5052 id
1675 5004 1724 5062 est,
1748 4995 1819 5051 banc

111 5087 280 5161 Scriptorum
309 5090 492 5160 inqrcdimur,
508 5096 533 5144 et
547 5085 588 5143 ibi
602 5087 729 5144 altiorem
753 5090 915 5145 Divinarum
933 5103 1064 5144 amanum
1076 5087 1252 5160 majestatem
1268 5083 1607 5152 laterearbitromvr,ubi
1620 5082 1709 5138 adbuc
1724 5084 1818 5138 atinus

111 5179 307 5252 inlelliqimus.
323 5179 355 5236 Si
368 5181 441 5236 enirn
454 5177 592 5251 propitius
601 5177 690 5250 suerit
703 5181 850 5250 baioriam,
866 5179 1023 5235 introducet
1037 5194 1086 5235 nos
1101 5180 1131 5234 iu
1145 5181 1246 5247 eum,et
1260 5173 1352 5232 tradet
1367 5173 1481 5230 tamum
1497 5176 1565 5230 lacte
1576 5174 1691 5231 etmcile
1701 5189 1817 5229 marien-

113 5277 177 5340 tcnt,
192 5279 223 5325 ut
247 5269 422 5325 inveniamus
446 5268 556 5323 tolenus
573 5268 603 5322 in
617 5281 650 5323 ca
664 5266 775 5324 diuitias
789 5268 899 5336 salutis,
915 5267 1059 5323 thesauros
1073 5264 1220 5339 sapientise
1234 5267 1259 5320 ci
1273 5261 1442 5328 iintellcctus,
1458 5261 1574 5320 consilii
1587 5271 1611 5318 et
1625 5261 1816 5334 fortitudinis,

112 5359 239 5418 scienliae
252 5363 277 5417 ct
291 5359 415 5430 pietatis,
431 5366 457 5415 et
470 5355 580 5414 timoris
596 5356 715 5414 Domini.
732 5355 784 5414 Sed
799 5357 870 5414 dicct
884 5359 990 5430 aliquis
1008 5358 1086 5414 :lam
1097 5359 1166 5414 sotis
1179 5353 1302 5426 estquod
1315 5353 1368 5410 alli
1382 5351 1514 5410 ncelicres
1528 5357 1554 5410 et
1563 5355 1711 5412 sanctiores
1726 5351 1818 5410 nibil·

113 5451 258 5508 ominuset
272 5447 408 5507 doctiores
422 5447 586 5504 inuenerunt
597 5451 678 5518 atque
690 5449 870 5520 scripserunt.
896 5445 1030 5503 ltlicrtum
1052 5451 1102 5516 est,
1115 5442 1292 5502 temerarium
1306 5445 1357 5511 esi,
1372 5441 1491 5512 adiicere
1505 5441 1646 5516 quidpiam
1659 5443 1695 5500 ad
1708 5460 1741 5500 eo
1755 5457 1818 5516 quse

114 5536 300 5599 acuminatis
314 5536 510 5611 calbolicisqae
535 5535 670 5596 Patribus
683 5537 758 5595 dicta
776 5540 851 5608 sunt,
867 5543 948 5610 atquc
962 5539 1004 5593 ita
1016 5535 1162 5608 dastidium
1183 5531 1340 5607 tepentibus
1353 5531 1458 5604 iacere,
1475 5533 1601 5608 unqendo
1624 5531 1816 5594 multitudines
