3978 6062
222 249 298 314 litt

765 249 935 312 aurnum
957 249 1127 316 Aborras
1149 257 1367 352 uolutuusrs

1856 260 1925 318 rrae
1979 239 1980 244 '

218 403 334 460 gruum,
347 388 421 442 sient
435 382 603 454 delphinum
629 382 707 439 silvis
724 384 887 454 appingere,
904 384 1038 440 ductibus
1053 389 1080 455 Α
1098 389 1269 447 Praedixerat
1286 395 1320 450 de
1334 365 1384 448 illo
1396 390 1508 462 quidam
1525 388 1554 444 in
1567 388 1690 446 concilio
1708 389 1752 446 vir
1763 389 1865 459 justos
1881 407 1926 444 no

221 489 330 544 aprum.
348 471 437 528 Sinrol
454 477 480 525 et
492 471 545 526 hoo
569 470 851 526 arrirrradrertendom
864 471 932 542 qnia
948 473 981 526 ad
999 487 1044 526 rc-

217 579 279 634 gom
295 567 442 618 Persarum
454 568 479 615 ot
504 559 663 628 Medorum,
681 558 746 630 quia
762 560 791 614 in
809 561 906 615 eadem
935 559 1042 616 visione

216 649 374 718 significata
390 654 456 703 sunt
472 663 521 716 per
538 663 634 702 orsum
650 656 677 702 ct
691 648 820 718 parduna,
837 649 866 702 in
882 647 937 703 alia
955 649 1039 704 visio-

217 758 262 808 ne,
280 757 341 813 qun
370 749 483 797 ostensa
498 747 540 798 el
568 739 602 796 do
626 740 728 796 lutaris
743 740 858 812 regibus
873 741 1038 796 eorumdem

216 845 378 901 regnorum,
395 829 443 900 qui
459 827 588 885 videlicet
602 844 681 900 reges
698 845 748 899 por
761 845 867 885 cornua
885 829 1041 900 significari

214 919 385 985 debuerunt,
402 933 451 990 per
479 917 600 974 aliorum
617 918 704 974 lacios
729 918 898 974 animalium
915 918 1039 974 domon-

215 1015 302 1063 strata
325 1014 402 1075 sunt,
425 1007 535 1063 scilicet
556 1007 653 1061 arietis
668 1014 697 1062 ct
713 1007 796 1073 birci,
812 1006 917 1076 quibus
932 1021 1039 1062 cornua

216 1105 323 1152 naturae
338 1096 413 1152 dono
428 1103 536 1152 constat
552 1095 680 1152 attribui.
700 1097 786 1166 {gitur
803 1097 876 1166 quod
894 1095 1039 1165 Scriptura

214 1185 303 1242 tacuit
317 1187 353 1242 da
367 1187 482 1242 uomina
498 1193 604 1256 quarlae
620 1185 727 1252 baetim,
746 1185 826 1240 nobis
842 1200 953 1255 quoquc
969 1187 1037 1241 taci-

214 1275 333 1342 tumsit,
360 1282 389 1331 ut
417 1275 554 1344 quidquid
580 1273 702 1331 ferocius
731 1274 761 1330 in
792 1274 876 1330 bostis
893 1275 1035 1344 cogitara-

212 1365 370 1432 rimus,hoc
385 1364 579 1421 Rornanorum
594 1364 813 1422 formidolosum
826 1364 977 1435 imperium
990 1365 1034 1420 in-

212 1451 384 1526 telligamua

526 1561 638 1618 CAPUT
658 1560 718 1618 Vll.

215 1667 356 1738 Quomodo
381 1667 466 1723 boelio
489 1671 591 1738 coorto
616 1667 648 1722 de
662 1668 737 1721 anari
750 1666 918 1732 (reconderit,
934 1673 960 1724 et
974 1685 1034 1724 rec-

297 1742 356 1793 tam
369 1747 451 1810 capot
461 1739 588 1794 droconis
608 1739 748 1794 inordina
762 1739 947 1794 conaliroeru'r.
1047 1745 1072 1809 Β

246 1845 337 1900 Boetia
360 1845 422 1901 brac
443 1844 577 1901 terribilis
604 1846 638 1902 de
655 1846 725 1900 mari

210 2039 282 2090 rem,
313 2037 375 2094 quaa
403 2029 461 2078 crat
486 2023 666 2093 paritoriam
696 2023 746 2078 itia
770 2033 877 2094 septam
907 2028 1031 2096 capitum

211 2111 346 2168 draconis
374 2119 490 2168 cruenta
505 2113 577 2169 serie
592 2121 675 2183 capot
692 2113 763 2168 istud
780 2114 907 2171 constitit
921 2115 935 2170 ‘l
948 2114 1031 2171 nimi·
1088 2152 1136 2208 Hir
1139 2169 1154 2209 c
1156 2169 1192 2209 m
1196 2169 1211 2209 ο
1219 2153 1286 2223 justi
1290 2153 1331 2209 ori
1349 2153 1463 2224 quidem

212 2215 274 2256 rum
290 2216 339 2271 per
354 2216 471 2272 magnas
486 2201 799 2270 atqueinenarrrabilcs
815 2203 1032 2274 discordiaspcr
1468 2194 1475 2221 '

212 2288 286 2344 bulla
301 2289 405 2356 cirilla,
423 2289 497 2345 bollo
511 2289 575 2362 plus
591 2306 676 2362 qoam
690 2290 796 2347 civilia.
813 2291 964 2348 Discordia
979 2293 1034 2390 spi·
1087 2337 1166 2386 cm
1207 2331 1325 2400 gratiam
1353 2330 1471 2386 ematis
1498 2330 1555 2398 jam
1594 2327 1716 2393 ‘inlotis'
1747 2327 1912 2397 'imumque

380 2467 384 2476 .
410 2467 415 2478 .
461 2466 467 2478 ,
490 2467 496 2478 .
757 2381 895 2478 ”fundum
913 2389 1031 2481 '⁰¹⁰Vf¹’
1089 2418 1254 2488 Pompeium
1268 2433 1356 2490 usquo
1370 2414 1912 2488 inAEgyptompersequentis,magnam

215 2470 314 2537 gentes
328 2468 570 2532 aittmd‚crrrlates
582 2475 608 2523 ct
625 2485 709 2539 regna
722 2469 848 2524 caedrbus
863 2474 1030 2539 cruentavit,

213 2559 302 2610 terras
317 2553 373 2612 iere
393 2557 645 2626 omncs‚i2uropam
661 2563 687 2612 ct
703 2558 827 2612 Atricam
844 2557 1030 2629 atqucasiam

212 2659 263 2700 son
278 2644 462 2715 gentiumque
488 2643 544 2700 iore
559 2646 690 2700 omnium
707 2648 844 2716 sanguino
867 2647 1030 2718 complevit.

211 2736 282 2787 Sunt
299 2732 432 2799 historiae,
450 2732 543 2802 legarat
569 2733 616 2804 qui
631 2733 731 2790 volunt
746 2737 896 2806 tragoadias
919 2736 1032 2808 generis

214 2377 295 2443 ritus,
315 2379 475 2448 quambene
501 2379 589 2435 bestia
614 2381 739 2450 spiravit,

212 2818 341 2891 bomani,
372 2821 483 2878 labores
510 2823 715 2893 mondi,varo,

201 3450 276 3499 raret
292 3443 382 3498 lilium
402 3444 473 3510 ejus.
729 3519 730 3523 Ἰ

509 3565 621 3622 CAPUT
640 3565 714 3621 Vlll.

1100 478 1176 534 ruinc
1192 482 1329 546 Samaeos,
1354 485 1491 550 prasente
1507 480 1626 542 Herode,
1644 493 1709 534 com
1739 495 1793 550 pro
1810 479 1924 534 crimina

1098 566 1195 624 inisset
1216 577 1341 637 vocatus,
1357 575 1499 639 staretque
1519 583 1645 637 purpura
1665 567 1871 623 circumdatus
1886 585 1924 621 ar-

1098 659 1209 729 misque
1238 660 1356 729 stipatos
1378 676 1384 713 :
1402 681 1416 709 «
1430 661 1494 726 Vna,
1510 657 1613 729 inquil,
1631 657 1673 713 rel
1700 658 1794 724 legem
1812 673 1922 716 accuso.

1097 745 1143 813 qni
1160 745 1298 800 tantanrei
1315 745 1458 801 licentiam
1473 744 1584 800 dedisti.
1595 742 1698 798 Scitote
1714 745 1790 813 qood
1804 744 1828 797 is
1842 759 1920 813 quen

1096 849 1174 890 norro
1190 843 1303 906 propter
1321 835 1472 890 ltireanum
1483 833 1568 889 rullia
1584 832 1730 888 absolvere
1745 835 1920 902 quondopoe

1095 939 1148 978 nos
1167 931 1194 979 el
1215 924 1307 994 ipsum
1325 939 1416 994 regem
1433 921 1574 992 torquebit
1589 939 1596 988 ;
1610 943 1624 971 a
1638 920 1709 976 nibil
1742 929 1844 977 autem
1869 925 1922 977 bar

1094 1010 1215 1067 dicendo
1236 1012 1371 1068 mentitus
1395 1019 1445 1068 eat.
1472 1011 1542 1066 Nam
1565 1009 1689 1066 Herodes
1713 1025 1781 1064 cum
1801 1025 1922 1079 regnam

1094 1102 1237 1170 coepisset,
1254 1117 1354 1156 omnes
1370 1100 1398 1156 in
1415 1100 1537 1158 concilio
1553 1107 1621 1155 tnnc
1636 1099 1769 1154 incantos
1785 1101 1921 1168 cumipse

1094 1187 1216 1245 Hiroano
1230 1191 1344 1246 occidit.

1413 1277 1525 1334 CAPUT
1548 1276 1592 1332 llt.

1094 1365 1251 1422 discordias
1262 1368 1337 1421 inter
1361 1369 1527 1422 conclamet
1541 1365 1670 1436 populum
1685 1363 1849 1432 lodoicum,
1866 1368 1918 1418 lle·

1322 1437 1384 1494 rodi
1399 1453 1513 1508 repnom
1533 1437 1680 1507 peperisse.

1125 1525 1271 1583 Discordia
1288 1543 1409 1592 somma,
1420 1525 1562 1583 discordia
1576 1533 1704 1590 cruenta,
1721 1533 1779 1580 tarn
1795 1527 1916 1580 Romani

1091 1620 1207 1672 senatus
1231 1633 1315 1688 quam
1340 1617 1464 1672 ludaico
1484 1615 1577 1686 gentis
1592 1629 1709 1685 rognum
1725 1615 1770 1669 illi
1798 1615 1915 1684 peperit.

1090 1705 1220 1776 Denique
1236 1721 1299 1762 cum
1316 1706 1401 1762 Gaius
1412 1707 1550 1776 casanat
1567 1719 1687 1774 magnus
1701 1704 1860 1773 Pompeius
1876 1710 1915 1758 to·

1091 1795 1238 1851 tiusorbis
1266 1795 1372 1850 viribus
1387 1795 1561 1864 confligunt,
1591 1801 1616 1849 et
1645 1793 1792 1848 inludaea
1817 1793 1915 1846 iratres

499 1935 504 1946 ⁸
616 1936 633 1956 Ἴ,
753 1847 895 1917 q⁰⁰¹n⁰d⁰
931 1847 1034 1948 *ew
1091 1884 1229 1940 Hircanoa
1257 1893 1284 1940 ct
1323 1884 1500 1940 Aristobulus
1528 1885 1563 1940 de
1591 1882 1749 1953 principatu
1781 1883 1915 1937 atrociter

211 1935 360 2002 Quomodo
373 1935 407 1990 dc
436 1947 505 1991 marr
521 1935 649 1990 ascendit
662 1934 673 1988 ?
685 1936 825 2006 quomodo
850 1944 915 1991 ante
931 1937 1034 1992 mutre-

1088 1975 1276 2042 contandunt,
1308 1973 1452 2045 tulipatcr
1481 1980 1590 2042 polens,
1617 1980 1654 2036 ct,
1684 1977 1713 2024 ut
1726 1971 1787 2039 jam
1804 1971 1913 2026 dictum

1087 2064 1247 2129 est,moltas
1262 2063 1398 2133 pecunias
1412 2062 1574 2133 possidens,
1586 2062 1651 2115 dum
1674 2060 1702 2114 in
1718 2059 1821 2116 Jodaea
1844 2061 1912 2115 lavet

1492 2153 1538 2207 scd
1555 2150 1716 2220 segnioriet
1734 2149 1764 2204 in
1784 2149 1912 2205 Romana

1088 2241 1233 2312 republica
1248 2241 1344 2297 moltis
1366 2239 1520 2313 obsequiis,
1537 2238 1664 2310 pluribus
1681 2238 1823 2308 impensis
1842 2254 1914 2292 naer-

1087 2508 1204 2564 eibimnt
1217 2510 1317 2564 tudae
1331 2515 1492 2580 potestatem
1509 2507 1706 2578 promeruit,el
1721 2507 1798 2575 apud
1818 2505 1913 2560 victri-

1088 2613 1148 2653 ccm
1165 2597 1354 2653 Romanorum
1382 2601 1488 2667 partem
1513 2595 1617 2652 Herodi
1646 2594 1703 2649 ulio
1729 2594 1806 2648 riam
1823 2595 1859 2648 ad
1877 2610 1914 2648 re

1087 2701 1177 2755 gnum
1190 2686 1379 2743 obtinendum
1388 2685 1498 2756 magnis
1508 2681 1914 2753 meritisapcruit.Soiandum

1087 2789 1197 2845 qnoque
1221 2775 1294 2845 quod
1325 2789 1374 2844 par
1403 2772 1480 2828 illam
1510 2771 1725 2842 Hircanintque
1754 2771 1915 2826 Aristobuli

273 2909 278 2920 .
408 2909 434 2921 ..
601 2911 606 2922 .
707 2831 767 2924 ,υἱ
789 2825 827 2924 ³¹²,
850 2825 985 2925 mm&
1001 2841 1031 2882 ¹¹¹
1085 2861 1265 2930 discordium,
1282 2861 1420 2933 ternplum
1436 2863 1466 2918 in
1494 2860 1799 2929 Hierosolymissamcl
1815 2868 1845 2914 et
1863 2861 1914 2914 ite-

212 2910 337 2982 maligno
354 2917 446 2980 posrlr.
462 2911 539 2974 Quod
556 2919 624 2966 satis
639 2911 674 2968 ab
689 2914 829 2982 ejusmodi
848 2911 955 2969 eilcclrs
970 2914 1030 2970 cla·

210 3000 278 3068 ruit,
294 3006 320 3056 cl
334 2999 442 3057 ciarum
457 3006 497 3056 est
514 2999 617 3071 legenti
629 3009 714 3072 atque
730 3001 910 3070 intelligenti.
923 3002 980 3061 Nos
994 3003 1029 3058 ad

207 3089 288 3145 illam
304 3089 421 3146 insaniae
447 3097 553 3160 partem
583 3105 724 3146 summam
741 3091 893 3160 tendimus,
910 3107 963 3161 qna
978 3091 1025 3146 ad·
1042 3108 1067 3175 c
1083 3130 1195 3185 vimen]

206 3194 304 3236 versus
318 3195 393 3250 sapa
407 3179 511 3235 dictam
525 3186 552 3234 et
581 3194 653 3250 saepe
668 3180 817 3236 dicandam
832 3180 978 3236 mullerem
995 3180 1025 3235 in

204 3275 284 3322 utero
300 3266 451 3323 bcbcntem
471 3283 534 3323 scae
548 3269 646 3334 cccxii,
663 3269 816 3339 dentesque
840 3285 906 3324 suos
921 3269 1025 3324 terreos

202 3356 370 3426 praepararit
396 3364 479 3426 capot
508 3355 594 3423 istud,
620 3363 659 3423 nt,
679 3371 744 3412 cnm
761 3357 925 3425 peperisset,
941 3357 1025 3414 devo·

1086 2967 1149 3008 rom
1167 2967 1266 3022 magna
1293 2966 1355 3007 cum
1376 2949 1537 3006 calamitate
1557 2949 1691 3005 violatum
1715 2949 1779 3003 luit.
1814 2949 1910 3003 Primo

1085 3055 1208 3110 namque
1226 3038 1375 3109 Pompeius
1390 3037 1582 3094 aristobulum
1598 3037 1702 3092 victum
1733 3035 1859 3100 babens,
1872 3037 1910 3091 ci·

1220 3143 1377 3198 aggressos,
1393 3133 1493 3184 contra
1517 3125 1608 3182 socios
1627 3125 1798 3191 aristobuli,
1815 3137 1843 3180 et
1861 3142 1910 3194 per

1082 3219 1251 3274 seditionem
1280 3217 1309 3272 in
1338 3216 1451 3273 civitate
1480 3221 1617 3285 receptas,
1635 3215 1775 3284 templum
1806 3213 1908 3284 irrupit

1083 3313 1224 3364 commota
1250 3314 1334 3376 atque
1358 3307 1476 3362 cadente
1500 3304 1622 3360 maxima
1647 3312 1732 3368 torre,
1749 3319 1802 3375 per
1819 3317 1905 3374 qnam

1082 3405 1179 3468 aperta
1193 3402 1270 3465 parta
1287 3393 1385 3464 templi
1401 3393 1495 3450 bostca
1508 3393 1723 3462 irrupcron1,ot
1737 3391 1839 3446 omnia
1854 3391 1905 3446 Jo-

1080 3483 1204 3540 daeorom
1220 3485 1297 3541 cade
1312 3483 1453 3555 completa
1468 3487 1544 3539 sunt.
1562 3481 1680 3548 Quidam
1696 3482 1773 3536 enim
1789 3483 1904 3538 occide·

1081 3569 1213 3626 bantora
1240 3571 1385 3638 Itomnnis,
1399 3572 1447 3628 alii
1463 3587 1527 3627 reno
1543 3572 1708 3640 semetipsos
1724 3568 1903 3632 occidebant,

198 3666 330 3725 Herodem
342 3677 420 3742 parre
435 3669 565 3738 roomo,
581 3680 672 3729 mam
685 3690 749 3730 wo
760 3675 881 3732 prapaes,
909 3684 1017 3743 napum,
1078 3666 1105 3714 et
1121 3660 1158 3715 ita
1173 3659 1339 3716 oeciderunt
1363 3659 1462 3732 viginti
1478 3661 1533 3716 duo
1550 3659 1640 3715 millia
1654 3660 1831 3723 ludaeorum,
1847 3663 1904 3714 Ro·

233 3746 362 3798 oceania
380 3743 501 3799 llomono
513 3760 609 3817 repom
623 3745 726 3803 ludere
740 3746 877 3804 decretum
888 3747 982 3818 laissa.
1077 3764 1228 3805 alanorum
1256 3764 1320 3806 vero
1350 3749 1483 3821 perpauci
1506 3747 1634 3804 deloncri
1658 3755 1736 3803 aunt.
1763 3750 1823 3803 Nec
1839 3761 1903 3802 aero

234 3847 394 3920 Imperare
416 3851 672 3922 pugu3100ae52p0‚
689 3855 843 3911 empsim,
858 3865 884 3913 el
907 3869 1020 3934 001030,
1076 3852 1161 3906 parra
1173 3837 1203 3892 in
1221 3837 1327 3906 templo
1341 3839 1492 3894 commissa
1503 3845 1588 3905 sunt;
1608 3837 1675 3892 dom
1693 3851 1725 3934 aa
1741 3850 1803 3906 qoae
1815 3835 1902 3907 priori
1979 3839 1980 3864 ¹

195 3939 269 3996 simp
284 3948 382 4012 quam
403 3941 581 4012 omme,
596 3943 763 4000 consulibus
782 3947 847 4002 sm„
862 3945 1015 4020 pemmo,
1074 3929 1203 3996 ternpore
1232 3923 1386 3981 invisibilia
1409 3925 1453 3982 vel
1477 3925 1554 3982 022
1572 3923 1781 4023 inaccessabilia
1801 3933 1900 4022 uereor,

195 4029 302 4084 ottxaio
329 4029 587 4096 Asianalleraoea
617 4032 774 4088 allomano
803 4045 899 4092 senato
929 4041 1017 4108 gralia
1047 4013 1408 4084 '⁸dii⁵⁵⁰¹p⁰¹¹¹¹’⁰i¹²⁵’e¹
1428 4029 1542 4071 ΨΜ)
1568 4029 1626 4069 ⁰⁰¹¹
1651 4013 1901 4084 P³U⁰¹'id¹⁸⁵²⁰'·
1979 4047 1980 4080 l

194 4116 314 4174 casaris
338 4119 513 4190 angustiat
541 4119 635 4177 favore
651 4120 737 4177 ilorci
767 4124 882 4178 Antonii
909 4129 1018 4186 reato·
1074 4118 1210 4174 quanon
1239 4103 1335 4159 liceret
1356 4104 1411 4159 nisi
1440 4101 1634 4159 sacerdotibus
1657 4101 1773 4157 intueri.
1792 4101 1901 4158 Deinde
1979 4167 1980 4170 Ἴ

193 4208 260 4264 dam
276 4207 458 4276 decernilnr;
474 4223 530 4264 non
547 4215 606 4264 arat
620 4224 724 4278 genero
738 4210 925 4276 indonatum
937 4221 1017 4286 patre
1073 4207 1153 4261 ⁰¹¹mr
1170 4199 1199 4247 ¹¹¹
1212 4193 1272 4261 5⁸⁰¹
1288 4192 1395 4248 dimum
1412 4199 1463 4258 ⁸⁵¹·
1480 4191 1606 4248 Hssf⁰d⁰⁸
1620 4205 1737 4262 “gnum
1753 4190 1898 4260 emim·

192 4293 327 4365 Idumam,
342 4302 368 4351 01
384 4304 473 4352 maire
497 4294 808 4366 arabicaprogenlaos.
824 4297 1013 4358 N1001„,3„„
1072 4288 1099 4335 cl
1114 4280 1282 4351 Antigonae,
1307 4279 1461 4337 Aristoboli
1485 4279 1572 4344 silius,
1597 4280 1739 4336 civitatem
1779 4285 1899 4347 tenerer,

193 4398 258 4439 men
274 4383 476 4457 flmmeum,
493 4394 522 4442 up
543 4386 674 4442 meminit
685 4386 834 4458 posephus,
851 4390 891 4446 ,at
905 4401 1014 4462 [mrem
1070 4369 1147 4426 idern
1162 4370 1264 4427 civitas
1280 4387 1359 4442 passa
1374 4375 1428 4438 ast,
1441 4375 1469 4426 et
1488 4371 1518 4426 iu
1534 4368 1641 4442 templo
1658 4369 1739 4426 multi
1755 4371 1899 4440 perempti

192 4469 279 4540 hujus
310 4474 426 4529 {rewers
454 4475 643 4544 appulsam,
667 4491 772 4546 gener,
803 4467 1148 4538 nobilissimomD⁵¹¹¹¹¹·2
1166 4459 1269 4514 Herodi
1296 4459 1490 4515 adnitentibus
1505 4458 1650 4516 Romanis.
1667 4458 1700 4513 lit
1717 4456 1778 4513 heac
1802 4457 1899 4526 passio

190 4557 320 4614 Judaeum
337 4561 470 4626 fuissem
488 4564 545 4619 rurs
561 4565 609 4634 qui
624 4567 658 4619 „d
675 4566 800 4621 Jupfflm
817 4568 853 4624 dg
868 4567 1013 4639 Babypone
1069 4545 1330 4617 Hierosolymorum
1347 4547 1453 4603 civitati
1468 4547 1598 4616 contrait,
1612 4550 1653 4602 ait
1666 4544 1897 4616 losephuS,blar·

190 4647 295 4704 reversi
323 4653 402 4706 sunt·
427 4651 491 4706 lloeo
515 4658 609 4709 autern
639 4653 744 4724 inquit,
761 4657 787 4711 id
815 4666 857 4712 051
880 4659 963 4717 repes,
978 4665 1012 4718 „p
1067 4653 1100 4692 co
1117 4637 1237 4708 Agrippa
1249 4645 1277 4693 el
1291 4637 1409 4693 Gallidio
1426 4636 1765 4704 consulibus,coutosima
1777 4643 1806 4691 ct
1821 4641 1898 4692 octo·

189 4737 308 4808 gratiam
338 4736 457 4794 Herodis
473 4739 524 4796 filii
540 4741 613 4810 ejus,
630 4757 713 4811 quem
738 4759 831 4813 regem
847 4744 1011 4806 Judmfflffl
1066 4725 1175 4796 gesimo
1190 4725 1288 4796 quinta
1312 4724 1489 4798 Olympiade,
1507 4726 1589 4782 tertio
1606 4739 1703 4781 mense
1719 4724 1749 4780 in
1766 4723 1894 4780 celebra·

190 4826 309 4900 contigit
325 4827 398 4895 deri,
413 4843 479 4884 com
491 4844 549 4885 non
576 4836 650 4885 esset
663 4831 742 4900 regii,
770 4833 819 4888 aad
837 4851 889 4892 nec
902 4837 1012 4894 ludoici

189 4917 310 4986 generis.
331 4917 400 4975 Nam
430 4917 580 4989 Antipater
607 4933 710 4990 genere
735 4918 876 4978 ldomaaua
895 4925 1010 4992 exstitit,

187 5006 295 5077 quique
311 5006 416 5062 multas
438 5008 589 5079 possidens
618 5008 764 5079 pecunias,
789 5010 876 5067 totius
903 5011 1011 5070 Jodaeae

188 5098 410 5166 potenciana
435 5096 584 5155 tuitionem
601 5113 617 5152 a
646 5098 754 5154 Caesare
768 5099 887 5169 accepit,
902 5101 1011 5158 amicus

1066 4813 1146 4871 tione
1158 4815 1344 4886 ieiuniorum,
1370 4823 1501 4885 tanquam
1520 4830 1630 4872 reversa
1643 4813 1818 4879 calamitate,
1835 4829 1895 4883 qna

1067 4901 1122 4958 sub
1135 4902 1270 4974 Pompeio
1286 4901 1302 4958 J
1307 4902 1394 4958 odeis
1411 4901 1488 4958 iliata
1504 4909 1557 4959 est.
1574 4901 1646 4960 Nam
1670 4911 1777 4960 extunc
1792 4903 1894 4958 eodem

1065 4989 1111 5047 die
1125 4983 1405 5065 capli'ritatiaviginti
1416 4997 1444 5048 ct
1459 4991 1645 5062 septemanni
1659 4991 1753 5047 luisse
1767 5005 1894 5047 noscun-

1066 5083 1200 5150 tur,cum
1227 5081 1320 5138 adbuc
1349 5081 1527 5138 obsideretur
1555 5080 1653 5138 civitas
1681 5079 1718 5136 ab
1740 5078 1894 5136 liorodcat

188 5183 310 5240 firmano
324 5185 383 5256 mgr
399 5193 425 5240 θ,
440 5185 620 5242 ,wemmam
638 5186 769 5257 principi·
788 5188 842 5243 sep
873 5203 938 5245 eum
955 5198 1010 5246 m„
1066 5168 1147 5226 Sosio
1162 5168 1264 5239 legato,
1282 5170 1421 5240 persuasit
1435 5170 1562 5227 Samoeus
1577 5168 1757 5241 supradictus
1771 5168 1890 5239 populo,

187 5271 253 5327 dom
270 5279 298 5328 el
326 5288 441 5344 segnem
459 5275 612 5332 llircanum
629 5275 760 5342 vidisset,
778 5275 900 5345 priorem
918 5277 1009 5335 illium

187 5375 270 5416 saum
288 5361 449 5430 Panaciam,
465 5365 567 5420 docem
587 5363 616 5419 in
632 5361 1007 5437 Hierosolymiapeeandnn
1070 5361 1129 5403 ⁰⁰¹¹
1144 5361 1227 5417 P⁰⁸⁵⁰
1241 5347 1369 5404 dflliffli·

184 5462 250 5506 vero
262 5447 402 5508 Herodem
419 5450 545 5508 Galilaea
561 5459 680 5508 lotorem
695 5452 850 5520 ordinarit,
866 5455 916 5528 qut
930 5463 1009 5528 post-

101 5545 110 5556 ’
188 5537 316 5610 modum,
330 5544 362 5596 ut
386 5539 445 5611 jam
476 5540 585 5598 dictum
600 5543 654 5612 est,
668 5541 704 5598 ad
731 5556 852 5614 regnum
868 5544 1008 5614 pervenit.

1065 5264 1095 5312 ut
1113 5258 1252 5314 llarodcm
1267 5260 1417 5330 acciperet,
1434 5260 1534 5316 dicens
1555 5264 1670 5330 propter
1685 5266 1803 5329 peccata
1825 5273 1894 5313 enm
1979 5293 1980 5302 η
