3980 6046
118 277 186 344 821
646 285 850 348 calcitani.
873 287 918 348 lN
940 285 1048 348 toea.
1071 319 1109 330 -—
1130 285 1205 348 Llll.
1230 285 1312 346 xlv.
1775 281 1835 342 822

121 416 955 489 deessetinquisitori,tertiambenemenifestationsmad-
967 427 996 493 Α
1010 421 1038 476 in
1052 417 1207 492 pastoralis
1218 417 1833 489 curaedistinctione,primocentumagnos,

120 505 250 563 diditllt
263 506 403 580 quoniam
419 508 690 582 quicunquelribus
701 510 766 567 istis
778 527 836 568 nou
851 509 954 580 credit,
974 551 976 556 ,
1009 509 1114 567 deinde
1125 508 1334 580 quinquaginta
1349 523 1451 582 agnos,
1463 507 1652 580 tandemque,
1668 522 1736 563 oum
1750 504 1832 562 dicit·

123 610 184 650 nec
201 593 305 652 multis
322 595 398 666 aliis,
413 597 438 652 si
454 597 862 670 conscrilaercntur,preeberet
876 598 956 654 audi·
1009 621 1023 651 a
1039 600 1128 658 Pasce
1143 616 1211 657 oves
1226 614 1336 668 measa
1350 606 1406 656 tres
1422 598 1581 655 subaudire
1597 597 1832 670 operaepretium

119 688 193 741 tum
203 685 369 756 fidei,nunc
383 688 665 748 demumcontentus
681 705 714 747 eo
724 690 800 764 quod
818 689 955 746 fidelibus
1008 696 1061 762 est,
1072 701 1099 747 ut
1116 692 1155 748 ifa
1168 690 1226 747 sint
1240 689 1270 746 in
1281 689 1534 762 pascuisSimonis
1548 688 1711 761 Petrl,egni
1722 689 1833 762 pariter

121 774 201 831 eatis
216 773 314 846 sit,ita
328 776 484 834 conclusit:
493 801 507 830 a
518 778 652 852 llocjam
663 779 747 836 tertio
760 778 955 836 manifestavit
1007 785 1036 838 et
1050 798 1118 840 oves
1138 786 1255 839 centum
1279 780 1493 854 quinquaginta
1507 783 1579 847 tres,
1605 780 1683 836 sicut
1706 778 1736 836 in
1760 784 1831 847 rete,

123 881 159 921 se
178 867 267 922 iesus
284 865 437 939 discipulis
450 866 524 941 suis,
540 885 606 926 cum
622 868 830 926 resurrexisset
845 885 862 925 a
877 884 953 926 mor·
1008 871 1085 941 quod
1103 870 1150 927 ille
1169 872 1258 928 traxit
1272 871 1302 927 iu
1328 873 1448 936 terram,
1465 869 1585 926 totidem
1615 869 1695 925 lucra
1724 869 1831 940 pisces.

122 954 197 1012 luia.
213 976 228 1005 a
245 955 405 1027 Sequitur:
1007 959 1081 1016 Num
1096 960 1248 1031 sequitur:
1265 982 1279 1011 «
1297 959 1373 1016 Dicit
1395 959 1422 1015 ei
1437 957 1537 1016 tertio:
1566 957 1668 1014 Simon
1698 957 1832 1025 loannis,

162 1049 257 1102 «Cum
269 1061 336 1119 ergo
352 1047 628 1120 prandissent,dicit
639 1049 843 1106 SimoniPetro
856 1047 953 1105 Jesus:
1007 1065 1090 1107 amas
1106 1050 1176 1107 me?
1191 1050 1382 1107 Contristetus
1398 1049 1509 1120 Petrus,
1523 1047 1594 1121 quia
1607 1045 1717 1103 dixitsi
1733 1045 1831 1116 tertio,

119 1135 225 1192 Simon
238 1136 373 1207 ioannis,
385 1138 483 1212 diligis
495 1157 542 1196 me
553 1139 620 1213 plus
632 1139 832 1198 hisiDicitei:
848 1137 953 1209 Etiam,
1007 1157 1090 1197 emas
1104 1156 1159 1196 me.
1177 1139 1250 1197 Dicit
1264 1137 1309 1196 ei:
1328 1138 1460 1210 Domina,
1475 1143 1507 1195 tu
1528 1136 1628 1195 omnia
1641 1135 1710 1204 scis,
1726 1139 1757 1193 tu
1774 1136 1832 1193 scis
1908 1183 1910 1189 ,

120 1223 259 1294 Domine,
270 1229 302 1283 tu
315 1226 374 1284 scis
389 1228 458 1299 quia
476 1244 542 1286 amo
558 1235 594 1286 le.
610 1227 682 1286 Dicit
694 1229 740 1286 ei:
756 1228 847 1286 Pasce
863 1243 954 1302 agnos
1008 1229 1078 1300 quia
1092 1246 1159 1286 amo
1175 1233 1214 1288 te.
1242 1229 1317 1285 Dicit
1345 1228 1389 1286 ei:
1406 1227 1495 1286 Pasce
1523 1243 1589 1284 oves
1614 1241 1706 1282 meas.
1723 1246 1734 1275 ι
1763 1223 1833 1281 Post

121 1331 217 1372 meos.
235 1337 250 1367 a
266 1314 378 1373 Simoni
393 1317 478 1373 Petro
493 1317 636 1374 nescienti
652 1317 721 1390 quid
739 1336 790 1391 per
808 1333 875 1374 eum
897 1315 952 1373 llo·
1007 1337 1100 1394 agnos
1115 1325 1143 1378 ct
1157 1338 1248 1394 agnos
1263 1325 1413 1394 ponuntur
1428 1336 1505 1392 ores,
1523 1317 1589 1387 illa,
1601 1316 1757 1374 scilicctde
1769 1314 1833 1386 qui·

120 1405 226 1462 minus
239 1405 328 1463 iesus
344 1405 471 1479 fecisset,
485 1407 514 1463 in
526 1423 558 1464 eo
575 1407 653 1480 quod
668 1431 683 1458 a
697 1411 794 1465 tunica
809 1405 953 1464 succinxit
1007 1411 1062 1467 bus
1079 1411 1107 1466 in
1123 1410 1250 1468 Canticis
1263 1411 1374 1468 dictum
1389 1413 1453 1467 est:
1467 1407 1603 1465 «Omnes
1618 1404 1753 1480 gemellis
1768 1404 1831 1461 feti-

122 1511 170 1566 se,
186 1497 215 1551 et
229 1493 312 1552 misit
325 1494 356 1551 ia
373 1511 464 1567 mere,
480 1517 494 1547 a
510 1496 640 1569 itemque
665 1497 700 1552 ad
714 1497 834 1567 jussum
859 1495 954 1570 Ipsius
1007 1501 1063 1556 bus
1078 1503 1107 1557 et
1120 1499 1228 1556 sterilis
1244 1517 1302 1556 non
1326 1515 1369 1557 cst
1383 1497 1459 1556 inter
1473 1515 1521 1556 eas
1550 1497 1639 1572 (Cant.
1656 1499 1705 1568 aa),
1722 1516 1736 1546 n
1762 1493 1831 1566 quia

124 1607 140 1634 a
159 1583 302 1656 escendit,
319 1587 347 1642 et
362 1584 452 1642 traxit
467 1589 526 1642 rete
542 1585 572 1642 iu
588 1589 703 1658 terram,
720 1606 734 1642 a
751 1585 871 1659 plenum
889 1593 953 1641 tau·
1007 1588 1140 1646 videlicet
1156 1593 1461 1662 utrumqueagnorum
1478 1587 1621 1652 ordinem,
1631 1585 1659 1642 id
1676 1588 1731 1655 est,
1747 1589 1775 1642 et
1786 1600 1831 1640 eo·

128 1673 814 1748 tispiscibus;nescientiinquam,actussui
844 1681 953 1748 myste-
1007 1695 1071 1734 rum
1088 1679 1138 1750 qui
1154 1678 1250 1735 adhuc
1265 1679 1340 1736 lacte
1355 1679 1499 1750 indigent,
1532 1684 1674 1734 eteorum
1690 1673 1741 1746 qui
1766 1673 1828 1744 jam

127 1764 220 1835 rium,
235 1762 277 1820 vel
294 1764 364 1838 quid
376 1763 433 1822 sibi
452 1763 537 1822 vellet
551 1764 618 1822 talis
634 1763 787 1837 tripliciter
798 1763 954 1820 distinctus
968 1801 992 1866 B
1007 1766 1209 1840 grandiusculi
1233 1768 1294 1825 sive
1318 1766 1458 1835 anniculi,
1482 1765 1696 1838 scripturarum
1723 1761 1830 1835 pabula

126 1867 272 1910 numerus
288 1852 426 1925 piscium,
443 1852 506 1927 ipse
528 1853 671 1911 Dominus
686 1857 714 1911 et
737 1853 885 1926 magister,
902 1853 953 1924 qui
1007 1857 1828 1931 carperenorunt‚uiramque,inquam,agnorumgregem

125 1941 190 1998 heac
207 1941 402 2016 disposuerat,
414 1941 552 2017 deinceps
564 1944 676 2017 aperire
690 1941 803 2016 incipit.
815 1943 951 2014 Etprima
1007 1963 1105 2020 regere
1120 1951 1253 2020 possunt.
1270 1947 1305 2003 Dt
1319 1947 1360 2003 ita
1375 1945 1494 2018 quidem
1509 1946 1552 2002 eis
1568 1943 1675 2016 quibus
1691 1942 1829 2016 prodesse

124 2031 257 2104 quidem,
273 2033 351 2105 quod
367 2031 455 2090 tertio
472 2032 596 2106 pastoris
612 2032 653 2090 illi
666 2033 795 2090 officium
809 2031 950 2106 injungit,
1007 2037 1125 2108 queant,
1142 2035 1333 2108 procaciores,
1356 2035 1407 2092 sed
1422 2033 1595 2091 valentiores
1612 2035 1692 2101 sunt,
1708 2030 1784 2088 sicut
1799 2031 1828 2086 in

125 2122 251 2180 dicendo
266 2121 332 2179 bis:
351 2144 365 2173 u
376 2123 466 2180 Pasce
480 2139 572 2196 agnos
588 2139 698 2190 meos»
714 2123 818 2181 tertio:
836 2144 850 2172 a
863 2122 951 2179 Pasce
1005 2124 1174 2198 supradicto
1192 2125 1288 2196 rcti,et
1303 2129 1421 2182 centum
1437 2123 1608 2196 piscibuset
1622 2120 1670 2178 alii
1682 2120 1829 2192 quinqua-

127 2226 331 2282 ovesmeas,a
349 2229 486 2270 arcanam
515 2212 642 2286 piscium
671 2229 790 2270 causam
820 2211 950 2284 respicit.
1004 2211 1132 2286 gintain
1159 2230 1276 2270 summo
1302 2213 1448 2270 numerati
1470 2211 1573 2284 utique
1588 2209 1752 2284 pauciores,
1778 2209 1828 2265 sed

123 2303 158 2356 Et
168 2299 274 2358 deinde
286 2301 409 2360 dicendo
421 2318 428 2358 ι
442 2305 539 2361 «Cum
550 2301 749 2374 essesJunior,
760 2301 899 2376 cingebas
912 2303 950 2369 tc,
1004 2303 1152 2378 digniores
1167 2308 1247 2362 sunt.
1264 2303 1358 2378 igitur
1377 2304 1448 2376 quid
1463 2303 1663 2376 significatum
1688 2298 1777 2358 fucrit
1797 2297 1827 2355 in

125 2397 154 2450 et
169 2392 343 2451 ambulabas
359 2393 408 2450 ubi
424 2394 553 2466 volebas,
572 2417 586 2446 n
602 2402 629 2452 et
643 2398 757 2467 caetera,
771 2393 951 2466 prenuntiat
1004 2409 1037 2449 co
1066 2395 1145 2467 quod
1178 2397 1281 2450 Petrus
1302 2393 1447 2465 ejusmodi
1469 2397 1529 2450 rete
1554 2390 1707 2448 interram
1727 2387 1825 2454 traxit,

125 2480 197 2554 quid
225 2483 368 2555 cingendo
384 2499 427 2555 ee,
447 2483 513 2540 lieet
541 2483 685 2552 nesciens,
714 2480 948 2556 praefiguraverit.
999 2483 1124 2556 jubente
1138 2483 1273 2554 Domino,
1289 2482 1419 2540 claretin
1435 2483 1489 2539 hoc
1505 2479 1719 2555 pascendorum
1735 2494 1827 2551 agno·

127 2572 257 2628 “Simon
278 2571 534 2646 loannis,inquit,
559 2572 656 2646 diligis
680 2589 727 2630 me
751 2573 817 2646 plus
846 2573 947 2629 hist»
1003 2591 1068 2631 rum
1084 2573 1129 2631 vel
1145 2573 1244 2631 avlam
1263 2572 1398 2646 imperio.
1414 2570 1553 2644 Sequitur
1578 2570 1656 2627 ldom
1672 2567 1826 2638 Dominus,

127 2659 298 2734 Opportune
311 2661 383 2719 satis
399 2661 491 2719 ascito
506 2661 624 2718 nomine
649 2665 781 2735 paterno,
798 2661 948 2719 Simonem
1004 2664 1204 2737 pronuntians
1219 2663 1343 2735 qualiter
1357 2664 1461 2718 Petrus
1480 2677 1535 2717 sua
1549 2662 1620 2717 tuuc
1646 2658 1746 2716 tunica
1758 2669 1826 2714 suc·

124 2748 259 2820 ioannis,
277 2750 305 2807 id
326 2758 369 2808 est
383 2751 550 2808 obedientem
567 2750 619 2807 Dei
632 2749 838 2824 qratiae,illum
849 2750 949 2824 appol·
1003 2754 1128 2821 cinctus,
1145 2757 1244 2826 postes
1259 2751 1296 2808 sit
1310 2750 1492 2825 cingendus:
1511 2773 1526 2801 a
1541 2750 1643 2819 Amen,
1661 2764 1746 2806 emen
1761 2746 1826 2803 dico

123 2839 196 2896 lavit
211 2839 303 2910 (loun.
323 2843 391 2914 xvi).
403 2839 477 2898 Nam
494 2840 543 2898 ille
557 2839 690 2898 celeriter
700 2839 908 2913 succingendo,
920 2844 949 2897 et
1002 2843 1066 2912 tibi,
1082 2859 1150 2900 cum
1167 2857 1247 2899 esses
1263 2841 1376 2913 junior,
1393 2840 1528 2912 cingebas
1543 2844 1582 2910 te,
1598 2845 1626 2895 et
1652 2835 1827 2895 ambulabas

123 2929 152 2985 in
170 2946 250 2987 mare
275 2929 418 2988 mittendo
434 2946 476 2998 se,
491 2930 620 3003 itemque
634 2935 692 2988 reto
707 2929 737 2986 in
753 2933 861 2987 terram
886 2933 947 2985 tra·
1003 2933 1054 2988 ubi
1071 2930 1196 2991 volebas.
1208 2931 1281 2987 Cum
1296 2934 1393 2987 autem
1410 2928 1553 2999 senueris,
1565 2927 1704 2984 extendes
1720 2943 1827 2983 manus

123 3019 231 3089 heudo,
248 3019 336 3076 totius
352 3019 533 3090 obedientia,
550 3036 636 3093 quam
662 3019 722 3076 sive
738 3019 858 3076 vivendo
887 3019 947 3075 sire
1001 3024 1080 3092 tuas,
1092 3023 1121 3077 et
1135 3019 1211 3077 alius
1226 3018 1332 3092 cingat,
1346 3022 1375 3076 et
1388 3020 1475 3075 ducet
1489 3034 1547 3090 quo
1559 3021 1590 3074 tu
1607 3033 1665 3074 non
1680 3016 1735 3072 vis.
1750 3015 1827 3072 allec

125 3108 276 3167 moriendo
292 3109 446 3167 subiturus
462 3115 533 3178 erat,
549 3114 648 3182 typum
667 3109 780 3166 fortiter
794 3107 945 3180 expressit.
1003 3111 1038 3168 nd
1055 3111 1125 3184 quid
1141 3109 1247 3167 dixerit
1262 3108 1315 3182 illi,
1331 3109 1483 3167 confestim
1495 3107 1671 3181 evangelista
1683 3105 1827 3165 subsecu-

124 3200 217 3264 Ouare
231 3215 298 3258 vere
322 3199 473 3257 dicturus:
492 3223 505 3250 a
525 3203 611 3256 Pasce
626 3214 718 3272 agnos
739 3214 830 3271 meos,
845 3217 858 3250 ι
876 3214 948 3270 praa·
1003 3205 1050 3257 tus
1067 3199 1240 3272 aperuit.Ait
1253 3199 1332 3256 enim
1345 3215 1369 3254 :a
1379 3199 1437 3256 lloc
1452 3201 1550 3256 autam
1566 3197 1640 3255 dixit
1654 3195 1825 3270 significans

126 3287 208 3344 misit
227 3287 447 3362 interrogando,
467 3309 479 3344 a
495 3288 594 3361 diligis
611 3305 658 3344 me
672 3289 738 3361 plus
752 3287 822 3344 hisi
843 3285 946 3346 vidali·
1000 3307 1059 3362 qua
1074 3294 1168 3348 morte
1183 3289 1397 3346 clarificaturus
1417 3291 1495 3346 esset
1509 3287 1612 3346 Deum.
1629 3286 1739 3344 Sensus
1769 3283 1825 3342 iste

127 3380 173 3434 cet
187 3378 256 3450 quia
270 3395 305 3435 ex
321 3377 474 3435 dilectione
485 3395 559 3451 opus
571 3381 615 3434 est
625 3377 650 3435 ei
665 3378 715 3451 qui
733 3377 894 3452 pascendos
905 3393 948 3433 ra·
999 3383 1045 3438 est
1057 3395 1063 3435 ι
1074 3379 1145 3436 Cum
1157 3378 1300 3452 junior,et
1311 3383 1451 3450 tanquam
1464 3377 1521 3435 sub
1533 3375 1668 3434 tirocinio
1680 3373 1822 3448 militans,

128 3466 250 3524 tionales
265 3484 356 3541 agnos
372 3467 507 3541 suscipit,
522 3467 572 3524 illa
587 3467 689 3540 utique
717 3466 874 3524 dilectione
889 3483 948 3540 qua
1000 3468 1129 3542 pericula
1143 3467 1212 3524 belli
1228 3469 1358 3526 nondum
1373 3472 1511 3541 expertus
1527 3467 1670 3537 fuisses«
1685 3465 1824 3538 cingebas

128 3557 190 3629 ipse
202 3555 337 3630 princeps
353 3562 506 3632 pastorum
524 3557 636 3631 primus
651 3557 780 3614 animam
795 3574 879 3614 suam
895 3573 948 3629 po·
1001 3562 1039 3630 te,
1056 3581 1070 3608 n
1088 3558 1143 3614 hoc
1158 3565 1201 3614 est
1217 3560 1266 3614 tua
1282 3555 1452 3614 fortitudine
1468 3556 1627 3631 plurimum
1644 3555 1822 3623 confidebas,

124 3647 187 3704 suit
209 3662 261 3719 pro
277 3647 381 3703 ovibus
396 3645 460 3704 suis
476 3647 499 3720 (l
516 3647 592 3705 Petr.
618 3649 655 3716 v).
672 3649 706 3703 Et
721 3645 841 3720 pulchre
857 3662 947 3720 agnos
1001 3656 1027 3704 et
1042 3649 1105 3705 siue
1120 3648 1193 3703 duce
1209 3647 1382 3704 ambulabas
1397 3647 1446 3704 ubi
1463 3647 1589 3705 volebas.
1604 3645 1708 3704 Dixisti
1724 3645 1821 3704 enim:

126 3739 220 3804 vocat,
236 3753 360 3809 quorum
377 3734 503 3794 sulutem
519 3753 598 3792 nunc
614 3752 716 3793 recens
731 3736 902 3794 immolatus
916 3739 947 3791 ut
1001 3739 1135 3795 «Tecum
1156 3742 1275 3812 paratus
1291 3755 1356 3796 sum
1374 3737 1405 3795 in
1420 3755 1567 3796 carcerem
1589 3741 1618 3794 et
1641 3737 1670 3794 in
1699 3741 1822 3795 mortem

127 3829 201 3882 aries
216 3825 246 3880 iu
264 3825 408 3898 sanguino
432 3842 484 3882 suo
500 3831 650 3898 genuerat.
676 3827 768 3892 Quare
792 3841 857 3882 vero
880 3840 947 3881 cum
999 3827 1041 3885 irc
1056 3828 1133 3899 (luc.
1150 3831 1228 3900 asar).
1248 3849 1263 3878 »
1292 3830 1384 3884 Item:
1403 3827 1571 3884 «Etiamsi
1599 3826 1757 3898 oportuerit
1780 3843 1825 3882 ma

125 3912 206 3982 dicit,
223 3913 349 3986 «diligis
365 3930 447 3985 me,›>
462 3912 709 3988 adjungit,«plus
724 3913 819 3970 his‘l»
834 3911 949 3970 Scilicet
1001 3917 1315 3987 moriteoum,nonte
1345 3915 1577 3989 negatamque.
1605 3916 1731 3987 arvial.»
1762 3913 1825 3972 lllic

125 4003 507 4073 itadicoado,suavissime
526 4005 558 4061 in
584 4007 713 4061 mentem
742 4003 855 4060 reducit
882 4001 948 4059 huic
1000 4003 1628 4077 tauquamlunioretimprovidus,teipsum
1659 4004 1821 4072 accinxisti,

125 4091 197 4149 illud
215 4093 658 4169 superius,tnnquamdiligendo
669 4093 854 4168 pluscaeterls
865 4092 947 4151 dixit:
1002 4111 1057 4152 non
1072 4099 1179 4168 putans
1192 4094 1269 4166 quod
1282 4094 1428 4166 indigeres
1443 4092 1555 4168 accingi
1568 4092 1675 4150 auxilio
1686 4092 1824 4150 Datilum

128 4207 143 4236 «
160 4185 194 4240 lii
206 4185 232 4241 si
248 4200 348 4242 omnes
364 4179 553 4242 scandalizati
570 4185 679 4242 fuerint
691 4185 721 4241 in
736 4189 775 4254 te,
791 4201 844 4258 ego
873 4199 950 4240 uun·
1002 4191 1100 4241 autem
1116 4182 1259 4251 senueris,
1273 4199 1340 4240 cum
1358 4182 1505 4240 interioris
1520 4181 1649 4240 bominis
1659 4182 1702 4239 tui
1718 4198 1823 4240 sensus

127 4290 215 4345 quam
233 4273 454 4332 scandalizabor
477 4274 581 4346 (illailla.
598 4277 684 4346 aava).
703 4296 718 4325 a
741 4275 773 4330 Et
797 4278 868 4330 tunc
883 4273 950 4346 qai·
1002 4271 1176 4340 incanuerit,
1190 4277 1259 4330 tunc
1273 4273 1384 4330 vadens
1399 4288 1514 4329 mecum
1530 4277 1558 4329 et
1579 4273 1610 4328 in
1625 4287 1782 4342 carcerem,
1798 4279 1826 4330 et

128 4362 192 4419 dem
204 4361 573 4436 importunamdilectionis
584 4361 947 4435 ejusiiduciamrcpressit,
1003 4361 1032 4418 in
1048 4365 1169 4418 mortem
1186 4360 1471 4434 (concursatorias
1487 4377 1592 4420 manus
1605 4361 1712 4418 tuasin
1727 4378 1825 4433 cruce,

128 4451 225 4508 dicens
237 4468 243 4508 :
256 4471 270 4502 ε
282 4453 441 4524 Antequam
452 4451 548 4525 gallus
558 4456 663 4522 cantet,
673 4456 717 4509 ter
727 4466 774 4508 me
785 4451 919 4525 negabis;
932 4471 947 4502 a
1001 4451 1042 4508 ita
1057 4455 1152 4508 tamen
1169 4455 1202 4508 ut
1215 4451 1289 4508 alius
1301 4455 1328 4508 te
1343 4451 1592 4524 cinget,scientem
1605 4453 1681 4526 quod
1699 4451 1825 4526 teipsum

128 4557 205 4599 nunc
221 4550 318 4598 autem
340 4541 556 4616 interrogando,
572 4541 697 4614 «diligis
714 4559 760 4598 me
776 4541 841 4614 plus
856 4540 915 4611 his,
932 4561 945 4594 a
963 4533 987 4597 D
1003 4540 1118 4613 cingere
1134 4557 1190 4597 uon
1207 4539 1314 4613 possis,
1331 4544 1360 4597 et
1376 4540 1464 4597 ducat
1478 4557 1536 4612 quo
1552 4546 1584 4597 tu
1600 4558 1658 4598 non
1673 4540 1759 4614 vis,id
1770 4546 1826 4608 est,

129 4629 335 4687 conscientiam
365 4635 514 4704 gratanter
540 4630 733 4702 apprehendit
758 4631 831 4686 bene
854 4629 950 4687 sciens
1007 4633 1087 4702 regat
1103 4629 1132 4686 iu
1148 4630 1284 4703 passione
1301 4631 1404 4688 mortis
1420 4647 1507 4703 quam
1525 4630 1698 4688 naturaliter
1721 4631 1828 4688 timore

129 4717 198 4790 quie
212 4718 351 4792 deinceps
379 4720 485 4777 timore
509 4723 657 4792 superato,
685 4723 828 4792 quantum
855 4718 952 4792 diligit
1006 4717 1147 4792 pavescis.
1163 4721 1195 4776 In
1211 4719 1262 4775 illa
1277 4724 1359 4776 atate
1386 4721 1545 4778 senectutis
1570 4737 1636 4779 cum
1661 4720 1754 4778 virtus
1779 4727 1828 4777 tua

129 4806 223 4880 palam
238 4809 369 4866 facturus
385 4808 433 4866 sit.
876 4839 879 4846 ·
1006 4809 1144 4866 defecerit
1167 4809 1252 4882 [Paul.
1269 4811 1343 4882 raa),
1360 4809 1388 4866 id
1414 4817 1467 4880 est,
1485 4811 1520 4866 de
1541 4813 1591 4867 tua
1619 4810 1726 4867 virtute
1754 4809 1827 4866 nihil

165 4919 178 4946 a
189 4895 265 4954 Dicit
280 4897 306 4954 ei
323 4898 445 4955 iterum:
460 4897 561 4954 Simon
575 4896 811 4972 loannis,diligis
827 4913 873 4954 mc
884 4897 951 4970 plus
1006 4900 1243 4973 presumpseris,·
1257 4900 1336 4957 dices
1352 4903 1383 4956 tu
1399 4917 1457 4956 non
1472 4899 1637 4971 immemor,
1654 4899 1731 4971 quod
1749 4915 1827 4956 mor·

132 4983 200 5042 bist
214 4985 290 5044 Dicit
303 4985 329 5042 ci
342 5003 348 5041 ι
361 4985 466 5059 litium,
483 4985 615 5056 Domine,
629 4990 659 5042 tu
676 4987 733 5044 scis
745 4988 815 5060 quia
829 5004 895 5045 amo
911 4991 949 5046 te.
1006 4993 1065 5046 tem
1079 4987 1208 5046 timendo
1223 4989 1312 5046 vitam
1329 4989 1490 5062 negaveris,
1501 4989 1599 5045 dicent
1610 4991 1638 5045 ει
1648 5004 1750 5046 omncs
1761 4989 1827 5062 qui·

134 5071 205 5131 Dicit
218 5075 262 5133 ei:
283 5095 294 5126 ι
318 5075 405 5132 Ρεεοε
435 5093 524 5146 agnos
550 5091 668 5133 meos.»
696 5076 874 5148 ltajusculos
903 5076 951 5132 hic
1006 5093 1221 5152 cunquoauam
1239 5078 1440 5135 infirmitatem
1460 5078 1535 5133 usna
1559 5077 1755 5152 cognoverint.
1772 5079 1827 5135 Sed

132 5163 361 5238 agnosiutelligi
386 5164 530 5232 convenit,
555 5165 829 5236 tantomajusuulos
859 5182 950 5238 agnos
1007 5167 1062 5240 ipsi
1078 5167 1107 5223 in
1124 5167 1284 5240 nobisipsis
1300 5183 1474 5240 responsum
1491 5165 1592 5223 mortis
1609 5166 1779 5236 babuimus,
1796 5172 1829 5224 ut

131 5260 313 5326 superantes,
341 5259 486 5328 quantum
515 5253 701 5311 mediocritas
737 5254 952 5329 quinquaginta
1007 5274 1065 5313 nou
1081 5257 1172 5314 simus
1185 5256 1215 5312 in
1232 5255 1316 5312 nohis
1330 5255 1463 5325 fidentes,
1480 5255 1529 5312 sed
1548 5254 1578 5310 in
1596 5260 1652 5312 Deo
1668 5256 1829 5329 quisusci·

132 5341 737 5416 pisciumabundantioreceutumpiscium
749 5343 950 5413 multitudine,
1006 5345 1431 5418 tutmortuoe,quieruitnos
1455 5345 1490 5401 de
1511 5345 1600 5402 laniis
1624 5346 1772 5419 periculis,
1802 5352 1831 5405 ct

128 5435 211 5506 juxta
226 5435 482 5510 superiusdictum
499 5434 680 5510 spiritualem
696 5434 952 5510 sensum,dignior
1007 5441 1099 5504 eruet,
1115 5437 1143 5493 in
1160 5453 1216 5509 quo
1233 5450 1396 5507 speramus,
1413 5433 1552 5505 quoniam
1568 5439 1598 5492 at
1613 5436 1708 5494 adbuc
1736 5444 1829 5509 cruet,

132 5523 953 5600 est.Nam,sicuttractorctiiatarramquinquagints
1006 5529 1215 5602 adjuvantibus
1234 5525 1361 5585 cobisin
1391 5525 1575 5585 orationibus
1605 5545 1657 5603 pro
1686 5530 1770 5588 nobis
1796 5531 1831 5603 (11

133 5615 161 5670 et
178 5616 238 5670 tres
252 5613 349 5687 pisces
366 5614 502 5673 distincte
518 5613 662 5673 numerati
678 5617 760 5688 sunt,
776 5613 817 5672 its
831 5618 860 5672 et
874 5631 952 5675 nuuc
1008 5620 1074 5678 Car.
1090 5619 1122 5690 ι).
