<?xml version="1.0" encoding="UTF-8"?>
<!DOCTYPE html PUBLIC "-//W3C//DTD XHTML 1.0 Transitional//EN"
    "http://www.w3.org/TR/xhtml1/DTD/xhtml1-transitional.dtd">
<html xmlns="http://www.w3.org/1999/xhtml" xml:lang="en" lang="en">
 <head>
  <title>
</title>
<meta http-equiv="Content-Type" content="text/html;charset=utf-8" />
  <meta name='ocr-system' content='tesseract 3.04.00' />
  <meta name='ocr-capabilities' content='ocr_page ocr_carea ocr_par ocr_line ocrx_word'/>
</head>
<body>
  <div class='ocr_page' id='page_1' title='image "./patrologiaecurs26goog_0414.png"; bbox 0 0 3980 6046; ppageno 0'>
   <div class='ocr_carea' id='block_1_1' title="bbox 94 313 1806 382">
    <p class='ocr_par' dir='ltr' id='par_1_1' title="bbox 94 313 1806 382">
     <span class='ocr_line' id='line_1_1' title="bbox 94 313 1806 382; baseline 0.001 -3"><span class='ocrx_word' id='word_1_1' title='bbox 94 321 155 379; x_wconf 87' lang='lat' dir='ltr'>8l&#39;l</span> <span class='ocrx_word' id='word_1_2' title='bbox 621 317 824 380; x_wconf 77' lang='grc' dir='ltr'><strong>ΟΟΜΜΕΝΤ.</strong></span> <span class='ocrx_word' id='word_1_3' title='bbox 846 314 886 376; x_wconf 85' lang='grc' dir='ltr'>ΙΝ</span> <span class='ocrx_word' id='word_1_4' title='bbox 907 313 1022 376; x_wconf 80' lang='lat' dir='ltr'>toaN.</span> <span class='ocrx_word' id='word_1_5' title='bbox 1046 348 1085 364; x_wconf 92' lang='lat'>-·</span> <span class='ocrx_word' id='word_1_6' title='bbox 1106 317 1181 378; x_wconf 87' lang='lat' dir='ltr'>LID.</span> <span class='ocrx_word' id='word_1_7' title='bbox 1206 320 1287 382; x_wconf 86' lang='lat' dir='ltr'><strong>XIV.</strong></span> <span class='ocrx_word' id='word_1_8' title='bbox 1747 323 1806 382; x_wconf 89' lang='lat'>818</span> 
     </span>
    </p>
   </div>
   <div class='ocr_carea' id='block_1_2' title="bbox 30 445 1807 4636">
    <p class='ocr_par' dir='ltr' id='par_1_2' title="bbox 30 445 1807 4636">
     <span class='ocr_line' id='line_1_2' title="bbox 96 445 1807 524; baseline 0.001 -18"><span class='ocrx_word' id='word_1_9' title='bbox 96 452 129 508; x_wconf 92' lang='lat' dir='ltr'>in</span> <span class='ocrx_word' id='word_1_10' title='bbox 145 452 241 510; x_wconf 92' lang='lat' dir='ltr'>littore</span> <span class='ocrx_word' id='word_1_11' title='bbox 256 453 349 523; x_wconf 88' lang='lat' dir='ltr'>stans,</span> <span class='ocrx_word' id='word_1_12' title='bbox 365 457 391 508; x_wconf 92' lang='lat' dir='ltr'>et</span> <span class='ocrx_word' id='word_1_13' title='bbox 407 451 550 508; x_wconf 80' lang='lat' dir='ltr'><strong>undosam</strong></span> <span class='ocrx_word' id='word_1_14' title='bbox 567 449 677 508; x_wconf 77' lang='lat' dir='ltr'>turbidi</span> <span class='ocrx_word' id='word_1_15' title='bbox 689 449 786 509; x_wconf 80' lang='lat' dir='ltr'>seculi</span> <span class='ocrx_word' id='word_1_16' title='bbox 804 447 924 507; x_wconf 91' lang='lat' dir='ltr'>omnino</span> <span class='ocrx_word' id='word_1_17' title='bbox 938 447 965 515; x_wconf 71' lang='grc' dir='ltr'><strong>Α</strong></span> <span class='ocrx_word' id='word_1_18' title='bbox 980 445 1065 522; x_wconf 86' lang='lat' dir='ltr'>louge</span> <span class='ocrx_word' id='word_1_19' title='bbox 1080 453 1163 506; x_wconf 91' lang='lat' dir='ltr'>erunt</span> <span class='ocrx_word' id='word_1_20' title='bbox 1179 467 1196 506; x_wconf 89' lang='lat' dir='ltr'>n</span> <span class='ocrx_word' id='word_1_21' title='bbox 1211 453 1297 521; x_wconf 90' lang='lat' dir='ltr'>terra,</span> <span class='ocrx_word' id='word_1_22' title='bbox 1314 451 1365 508; x_wconf 89' lang='lat' dir='ltr'>sed</span> <span class='ocrx_word' id='word_1_23' title='bbox 1377 451 1460 524; x_wconf 86' lang='lat' dir='ltr'>quasi</span> <span class='ocrx_word' id='word_1_24' title='bbox 1471 451 1577 508; x_wconf 88' lang='lat' dir='ltr'>cubitis</span> <span class='ocrx_word' id='word_1_25' title='bbox 1589 452 1733 518; x_wconf 87' lang='lat' dir='ltr'>ducentis,</span> <span class='ocrx_word' id='word_1_26' title='bbox 1745 454 1807 508; x_wconf 89' lang='lat' dir='ltr'>tra·</span> 
     </span>
     <span class='ocr_line' id='line_1_3' title="bbox 97 536 1803 614; baseline -0.002 -16"><span class='ocrx_word' id='word_1_27' title='bbox 97 557 308 614; x_wconf 77' lang='lat' dir='ltr'>supergressus</span> <span class='ocrx_word' id='word_1_28' title='bbox 320 541 466 612; x_wconf 85' lang='lat' dir='ltr'>jacturam</span> <span class='ocrx_word' id='word_1_29' title='bbox 480 556 487 596; x_wconf 78' lang='grc' dir='ltr'><strong>ι</strong></span> <span class='ocrx_word' id='word_1_30' title='bbox 503 561 513 589; x_wconf 81' lang='grc' dir='ltr'>ι</span> <span class='ocrx_word' id='word_1_31' title='bbox 531 539 646 610; x_wconf 85' lang='lat' dir='ltr'>Mittite,</span> <span class='ocrx_word' id='word_1_32' title='bbox 664 562 678 593; x_wconf 83' lang='grc' dir='ltr'>ιι</span> <span class='ocrx_word' id='word_1_33' title='bbox 694 539 800 612; x_wconf 90' lang='lat' dir='ltr'>inquit,</span> <span class='ocrx_word' id='word_1_34' title='bbox 815 543 845 596; x_wconf 89' lang='lat' dir='ltr'>et</span> <span class='ocrx_word' id='word_1_35' title='bbox 868 553 926 595; x_wconf 93' lang='lat' dir='ltr'>non</span> <span class='ocrx_word' id='word_1_36' title='bbox 980 536 1082 596; x_wconf 87' lang='lat' dir='ltr'>bentes</span> <span class='ocrx_word' id='word_1_37' title='bbox 1096 544 1155 596; x_wconf 91' lang='lat' dir='ltr'>rete</span> <span class='ocrx_word' id='word_1_38' title='bbox 1171 539 1306 613; x_wconf 87' lang='lat' dir='ltr'>piscium.</span> <span class='ocrx_word' id='word_1_39' title='bbox 1325 541 1423 597; x_wconf 89' lang='lat' dir='ltr'>»Ordo</span> <span class='ocrx_word' id='word_1_40' title='bbox 1434 539 1535 597; x_wconf 81' lang='lat' dir='ltr'>littere</span> <span class='ocrx_word' id='word_1_41' title='bbox 1550 545 1594 598; x_wconf 90' lang='lat' dir='ltr'>est</span> <span class='ocrx_word' id='word_1_42' title='bbox 1606 557 1612 598; x_wconf 92' lang='lat'>:</span> <span class='ocrx_word' id='word_1_43' title='bbox 1624 541 1680 597; x_wconf 86' lang='lat' dir='ltr'>Atii</span> <span class='ocrx_word' id='word_1_44' title='bbox 1708 540 1803 597; x_wconf 85' lang='lat' dir='ltr'>disci·</span> 
     </span>
     <span class='ocr_line' id='line_1_4' title="bbox 98 625 1803 703; baseline -0.002 -15"><span class='ocrx_word' id='word_1_45' title='bbox 98 631 276 702; x_wconf 89' lang='lat' dir='ltr'>ubicunque,</span> <span class='ocrx_word' id='word_1_46' title='bbox 292 630 344 687; x_wconf 85' lang='lat' dir='ltr'>sed</span> <span class='ocrx_word' id='word_1_47' title='bbox 361 629 703 687; x_wconf 81' lang='lat' dir='ltr'>amittiteindextcrum.</span> <span class='ocrx_word' id='word_1_48' title='bbox 722 629 852 701; x_wconf 69' lang='lat' dir='ltr'>»titiam</span> <span class='ocrx_word' id='word_1_49' title='bbox 868 644 925 684; x_wconf 91' lang='lat' dir='ltr'>nou</span> <span class='ocrx_word' id='word_1_50' title='bbox 980 625 1040 697; x_wconf 91' lang='lat' dir='ltr'>puli</span> <span class='ocrx_word' id='word_1_51' title='bbox 1058 627 1172 702; x_wconf 87' lang='lat' dir='ltr'>navigio</span> <span class='ocrx_word' id='word_1_52' title='bbox 1191 634 1345 701; x_wconf 90' lang='lat' dir='ltr'>venerunt,</span> <span class='ocrx_word' id='word_1_53' title='bbox 1364 629 1584 686; x_wconf 88' lang='lat' dir='ltr'>trahentesrete</span> <span class='ocrx_word' id='word_1_54' title='bbox 1595 627 1803 703; x_wconf 91' lang='lat' dir='ltr'>piscium,non</span> 
     </span>
     <span class='ocr_line' id='line_1_5' title="bbox 96 715 1797 793; baseline -0.002 -15"><span class='ocrx_word' id='word_1_55' title='bbox 96 719 291 787; x_wconf 84' lang='lat' dir='ltr'>valebant,ait</span> <span class='ocrx_word' id='word_1_56' title='bbox 300 720 489 793; x_wconf 88' lang='lat' dir='ltr'>evangelista,</span> <span class='ocrx_word' id='word_1_57' title='bbox 501 719 615 778; x_wconf 84' lang='lat' dir='ltr'>trabere</span> <span class='ocrx_word' id='word_1_58' title='bbox 629 719 702 777; x_wconf 89' lang='lat' dir='ltr'>illud</span> <span class='ocrx_word' id='word_1_59' title='bbox 714 736 772 793; x_wconf 82' lang='lat' dir='ltr'>pre</span> <span class='ocrx_word' id='word_1_60' title='bbox 788 717 925 776; x_wconf 86' lang='lat' dir='ltr'>multitu·</span> <span class='ocrx_word' id='word_1_61' title='bbox 979 715 1057 772; x_wconf 92' lang='lat' dir='ltr'>enim</span> <span class='ocrx_word' id='word_1_62' title='bbox 1067 715 1154 790; x_wconf 91' lang='lat' dir='ltr'>longe</span> <span class='ocrx_word' id='word_1_63' title='bbox 1165 722 1248 774; x_wconf 89' lang='lat' dir='ltr'>erant</span> <span class='ocrx_word' id='word_1_64' title='bbox 1258 722 1367 787; x_wconf 79' lang='lat' dir='ltr'>eterra,</span> <span class='ocrx_word' id='word_1_65' title='bbox 1376 721 1423 776; x_wconf 89' lang='lat' dir='ltr'>sed</span> <span class='ocrx_word' id='word_1_66' title='bbox 1436 719 1520 792; x_wconf 85' lang='lat' dir='ltr'>quasi</span> <span class='ocrx_word' id='word_1_67' title='bbox 1532 717 1638 776; x_wconf 88' lang='lat' dir='ltr'>cubitis</span> <span class='ocrx_word' id='word_1_68' title='bbox 1651 719 1797 776; x_wconf 89' lang='lat' dir='ltr'>ducentis.</span> 
     </span>
     <span class='ocr_line' id='line_1_6' title="bbox 99 804 1804 884; baseline -0.002 -16"><span class='ocrx_word' id='word_1_69' title='bbox 99 811 170 868; x_wconf 92' lang='lat' dir='ltr'>dine</span> <span class='ocrx_word' id='word_1_70' title='bbox 184 810 323 884; x_wconf 90' lang='lat' dir='ltr'>piscium,</span> <span class='ocrx_word' id='word_1_71' title='bbox 339 826 398 868; x_wconf 89' lang='lat' dir='ltr'>nou</span> <span class='ocrx_word' id='word_1_72' title='bbox 415 813 531 868; x_wconf 71' lang='lat' dir='ltr'>mutum</span> <span class='ocrx_word' id='word_1_73' title='bbox 546 809 632 878; x_wconf 81' lang='lat' dir='ltr'>dixit,</span> <span class='ocrx_word' id='word_1_74' title='bbox 648 809 719 882; x_wconf 83' lang='lat' dir='ltr'>quia</span> <span class='ocrx_word' id='word_1_75' title='bbox 732 808 927 882; x_wconf 78' lang='lat' dir='ltr'><strong>rumpebatur</strong></span> <span class='ocrx_word' id='word_1_76' title='bbox 979 804 1146 878; x_wconf 89' lang='lat' dir='ltr'>Discipulus</span> <span class='ocrx_word' id='word_1_77' title='bbox 1162 805 1308 880; x_wconf 85' lang='lat' dir='ltr'>illaquam</span> <span class='ocrx_word' id='word_1_78' title='bbox 1324 807 1464 878; x_wconf 84' lang='lat' dir='ltr'>diligebat</span> <span class='ocrx_word' id='word_1_79' title='bbox 1477 809 1574 878; x_wconf 88' lang='lat' dir='ltr'>iesus,</span> <span class='ocrx_word' id='word_1_80' title='bbox 1590 807 1676 865; x_wconf 87' lang='lat' dir='ltr'>etalii</span> <span class='ocrx_word' id='word_1_81' title='bbox 1691 808 1741 880; x_wconf 90' lang='lat' dir='ltr'>qui</span> <span class='ocrx_word' id='word_1_82' title='bbox 1754 823 1804 864; x_wconf 82' lang='lat' dir='ltr'>ne·</span> 
     </span>
     <span class='ocr_line' id='line_1_7' title="bbox 98 895 1800 973; baseline -0.004 -15"><span class='ocrx_word' id='word_1_83' title='bbox 98 906 170 968; x_wconf 88' lang='lat' dir='ltr'>rete,</span> <span class='ocrx_word' id='word_1_84' title='bbox 182 904 234 958; x_wconf 91' lang='lat' dir='ltr'>aut</span> <span class='ocrx_word' id='word_1_85' title='bbox 248 900 435 973; x_wconf 88' lang='lat' dir='ltr'>mergebatur</span> <span class='ocrx_word' id='word_1_86' title='bbox 445 899 579 957; x_wconf 89' lang='lat' dir='ltr'>navicula</span> <span class='ocrx_word' id='word_1_87' title='bbox 589 916 699 958; x_wconf 91' lang='lat' dir='ltr'>eorum.</span> <span class='ocrx_word' id='word_1_88' title='bbox 712 897 787 966; x_wconf 86' lang='lat' dir='ltr'>Quid</span> <span class='ocrx_word' id='word_1_89' title='bbox 798 913 867 971; x_wconf 88' lang='lat' dir='ltr'>ergo</span> <span class='ocrx_word' id='word_1_90' title='bbox 878 895 926 952; x_wconf 88' lang='lat' dir='ltr'>hic</span> <span class='ocrx_word' id='word_1_91' title='bbox 980 895 1054 969; x_wconf 87' lang='lat' dir='ltr'>vigio</span> <span class='ocrx_word' id='word_1_92' title='bbox 1083 901 1236 967; x_wconf 89' lang='lat' dir='ltr'>venerunt,</span> <span class='ocrx_word' id='word_1_93' title='bbox 1259 898 1326 957; x_wconf 82' lang='lat' dir='ltr'>illos</span> <span class='ocrx_word' id='word_1_94' title='bbox 1348 898 1517 971; x_wconf 82' lang='lat' dir='ltr'>significant</span> <span class='ocrx_word' id='word_1_95' title='bbox 1544 901 1669 955; x_wconf 85' lang='lat' dir='ltr'>rectores</span> <span class='ocrx_word' id='word_1_96' title='bbox 1693 901 1800 954; x_wconf 76' lang='lat' dir='ltr'>sanotae</span> 
     </span>
     <span class='ocr_line' id='line_1_8' title="bbox 98 979 1802 1060; baseline 0.001 -19"><span class='ocrx_word' id='word_1_97' title='bbox 98 985 157 1041; x_wconf 90' lang='lat' dir='ltr'>nisi</span> <span class='ocrx_word' id='word_1_98' title='bbox 174 983 255 1042; x_wconf 87' lang='lat' dir='ltr'>illam</span> <span class='ocrx_word' id='word_1_99' title='bbox 272 985 462 1058; x_wconf 86' lang='lat' dir='ltr'>piscationem</span> <span class='ocrx_word' id='word_1_100' title='bbox 473 983 627 1042; x_wconf 91' lang='lat' dir='ltr'>hominnm</span> <span class='ocrx_word' id='word_1_101' title='bbox 638 979 924 1057; x_wconf 84' lang='lat' dir='ltr'>presignarevoluit,</span> <span class='ocrx_word' id='word_1_102' title='bbox 980 985 1124 1054; x_wconf 79' lang='lat' dir='ltr'>Ecclesia,</span> <span class='ocrx_word' id='word_1_103' title='bbox 1140 986 1236 1059; x_wconf 88' lang='lat' dir='ltr'>quiin</span> <span class='ocrx_word' id='word_1_104' title='bbox 1252 1003 1323 1060; x_wconf 88' lang='lat' dir='ltr'>paee</span> <span class='ocrx_word' id='word_1_105' title='bbox 1334 987 1424 1043; x_wconf 88' lang='lat' dir='ltr'>vitam</span> <span class='ocrx_word' id='word_1_106' title='bbox 1435 985 1552 1043; x_wconf 86' lang='lat' dir='ltr'>liniunt.</span> <span class='ocrx_word' id='word_1_107' title='bbox 1564 987 1739 1043; x_wconf 87' lang='lat' dir='ltr'>Petrusvcro</span> <span class='ocrx_word' id='word_1_108' title='bbox 1751 988 1802 1058; x_wconf 88' lang='lat' dir='ltr'>qui</span> 
     </span>
     <span class='ocr_line' id='line_1_9' title="bbox 98 1069 1804 1149; baseline 0.001 -19"><span class='ocrx_word' id='word_1_109' title='bbox 98 1091 159 1147; x_wconf 86' lang='lat' dir='ltr'>qua</span> <span class='ocrx_word' id='word_1_110' title='bbox 174 1074 210 1132; x_wconf 87' lang='lat' dir='ltr'>ad</span> <span class='ocrx_word' id='word_1_111' title='bbox 221 1074 370 1132; x_wconf 85' lang='lat' dir='ltr'>dexteram</span> <span class='ocrx_word' id='word_1_112' title='bbox 383 1073 711 1132; x_wconf 87' lang='lat' dir='ltr'>constituenturomnes</span> <span class='ocrx_word' id='word_1_113' title='bbox 722 1071 816 1138; x_wconf 88' lang='lat' dir='ltr'>electi,</span> <span class='ocrx_word' id='word_1_114' title='bbox 828 1069 923 1127; x_wconf 83' lang='lat' dir='ltr'>asclu·</span> <span class='ocrx_word' id='word_1_115' title='bbox 979 1074 1069 1131; x_wconf 90' lang='lat' dir='ltr'>mittit</span> <span class='ocrx_word' id='word_1_116' title='bbox 1083 1091 1115 1132; x_wconf 87' lang='lat' dir='ltr'>se</span> <span class='ocrx_word' id='word_1_117' title='bbox 1131 1075 1158 1130; x_wconf 93' lang='lat' dir='ltr'>iu</span> <span class='ocrx_word' id='word_1_118' title='bbox 1176 1091 1267 1132; x_wconf 89' lang='lat' dir='ltr'>mare.</span> <span class='ocrx_word' id='word_1_119' title='bbox 1283 1075 1349 1133; x_wconf 85' lang='lat' dir='ltr'>illos</span> <span class='ocrx_word' id='word_1_120' title='bbox 1364 1091 1478 1145; x_wconf 89' lang='lat' dir='ltr'>omnes,</span> <span class='ocrx_word' id='word_1_121' title='bbox 1491 1074 1542 1149; x_wconf 91' lang='lat' dir='ltr'>qui</span> <span class='ocrx_word' id='word_1_122' title='bbox 1556 1074 1741 1148; x_wconf 90' lang='lat' dir='ltr'>sicutctipse</span> <span class='ocrx_word' id='word_1_123' title='bbox 1752 1091 1804 1147; x_wconf 92' lang='lat' dir='ltr'>per</span> 
     </span>
     <span class='ocr_line' id='line_1_10' title="bbox 30 1159 1800 1238; baseline -0.001 -18"><span class='ocrx_word' id='word_1_124' title='bbox 30 1163 34 1170; x_wconf 88' lang='lat'>&#39;</span> <span class='ocrx_word' id='word_1_125' title='bbox 96 1165 140 1220; x_wconf 89' lang='lat' dir='ltr'>sis</span> <span class='ocrx_word' id='word_1_126' title='bbox 156 1164 191 1220; x_wconf 88' lang='lat' dir='ltr'>ad</span> <span class='ocrx_word' id='word_1_127' title='bbox 203 1164 354 1222; x_wconf 78' lang='lat' dir='ltr'>sinistram</span> <span class='ocrx_word' id='word_1_128' title='bbox 368 1165 507 1222; x_wconf 88' lang='lat' dir='ltr'>omuibus</span> <span class='ocrx_word' id='word_1_129' title='bbox 523 1163 655 1238; x_wconf 80' lang='lat' dir='ltr'>reprobis</span> <span class='ocrx_word' id='word_1_130' title='bbox 666 1163 773 1236; x_wconf 83' lang='lat' dir='ltr'>(lluttla.</span> <span class='ocrx_word' id='word_1_131' title='bbox 785 1162 860 1232; x_wconf 86' lang='lat' dir='ltr'>xxv),</span> <span class='ocrx_word' id='word_1_132' title='bbox 873 1159 923 1232; x_wconf 86' lang='lat' dir='ltr'>qui</span> <span class='ocrx_word' id='word_1_133' title='bbox 980 1163 1090 1220; x_wconf 88' lang='lat' dir='ltr'>medios</span> <span class='ocrx_word' id='word_1_134' title='bbox 1100 1163 1628 1233; x_wconf 85' lang='lat' dir='ltr'>fluctustribulstionumtestineut,et</span> <span class='ocrx_word' id='word_1_135' title='bbox 1639 1163 1800 1220; x_wconf 88' lang='lat' dir='ltr'>currunted</span> 
     </span>
     <span class='ocr_line' id='line_1_11' title="bbox 94 1250 1797 1326; baseline -0.001 -18"><span class='ocrx_word' id='word_1_136' title='bbox 94 1257 240 1324; x_wconf 86' lang='lat' dir='ltr'>tanquam</span> <span class='ocrx_word' id='word_1_137' title='bbox 253 1252 348 1324; x_wconf 88' lang='lat' dir='ltr'>pisces</span> <span class='ocrx_word' id='word_1_138' title='bbox 360 1253 511 1322; x_wconf 87' lang='lat' dir='ltr'>meli,rete</span> <span class='ocrx_word' id='word_1_139' title='bbox 527 1253 681 1326; x_wconf 80' lang='lat' dir='ltr'>presentis</span> <span class='ocrx_word' id='word_1_140' title='bbox 699 1250 835 1308; x_wconf 81' lang='lat' dir='ltr'>Ecclesiae</span> <span class='ocrx_word' id='word_1_141' title='bbox 847 1264 925 1304; x_wconf 91' lang='lat' dir='ltr'>rum·</span> <span class='ocrx_word' id='word_1_142' title='bbox 978 1251 1148 1323; x_wconf 91' lang='lat' dir='ltr'>Dominum,</span> <span class='ocrx_word' id='word_1_143' title='bbox 1164 1254 1311 1310; x_wconf 76' lang='lat' dir='ltr'>trahentes</span> <span class='ocrx_word' id='word_1_144' title='bbox 1334 1257 1393 1310; x_wconf 86' lang='lat' dir='ltr'>rete</span> <span class='ocrx_word' id='word_1_145' title='bbox 1409 1253 1545 1326; x_wconf 82' lang='lat' dir='ltr'>piscium,</span> <span class='ocrx_word' id='word_1_146' title='bbox 1561 1253 1590 1309; x_wconf 92' lang='lat' dir='ltr'>id</span> <span class='ocrx_word' id='word_1_147' title='bbox 1614 1257 1668 1322; x_wconf 90' lang='lat' dir='ltr'>est,</span> <span class='ocrx_word' id='word_1_148' title='bbox 1679 1253 1797 1325; x_wconf 88' lang='lat' dir='ltr'>scriptis</span> 
     </span>
     <span class='ocr_line' id='line_1_12' title="bbox 97 1337 1799 1414; baseline -0.001 -16"><span class='ocrx_word' id='word_1_149' title='bbox 97 1345 174 1414; x_wconf 90' lang='lat' dir='ltr'>punt</span> <span class='ocrx_word' id='word_1_150' title='bbox 188 1341 393 1414; x_wconf 84' lang='lat' dir='ltr'>seditionibus,</span> <span class='ocrx_word' id='word_1_151' title='bbox 409 1343 485 1413; x_wconf 88' lang='lat' dir='ltr'>quod</span> <span class='ocrx_word' id='word_1_152' title='bbox 503 1340 628 1399; x_wconf 84' lang='lat' dir='ltr'>maxime</span> <span class='ocrx_word' id='word_1_153' title='bbox 643 1343 775 1398; x_wconf 87' lang='lat' dir='ltr'>lecerunt</span> <span class='ocrx_word' id='word_1_154' title='bbox 796 1337 924 1396; x_wconf 79' lang='lat' dir='ltr'>heretici</span> <span class='ocrx_word' id='word_1_155' title='bbox 978 1343 1041 1398; x_wconf 88' lang='lat' dir='ltr'>suis</span> <span class='ocrx_word' id='word_1_156' title='bbox 1057 1341 1117 1400; x_wconf 90' lang='lat' dir='ltr'>sive</span> <span class='ocrx_word' id='word_1_157' title='bbox 1132 1340 1282 1401; x_wconf 88' lang='lat' dir='ltr'>laboribus</span> <span class='ocrx_word' id='word_1_158' title='bbox 1293 1341 1469 1400; x_wconf 86' lang='lat' dir='ltr'>omnimodis</span> <span class='ocrx_word' id='word_1_159' title='bbox 1484 1341 1667 1400; x_wconf 88' lang='lat' dir='ltr'>continentes</span> <span class='ocrx_word' id='word_1_160' title='bbox 1677 1340 1723 1398; x_wconf 92' lang='lat' dir='ltr'>vel</span> <span class='ocrx_word' id='word_1_161' title='bbox 1736 1357 1799 1414; x_wconf 91' lang='lat' dir='ltr'>pro·</span> 
     </span>
     <span class='ocr_line' id='line_1_13' title="bbox 97 1427 1801 1506; baseline -0.002 -17"><span class='ocrx_word' id='word_1_162' title='bbox 97 1439 186 1504; x_wconf 88' lang='lat' dir='ltr'>etque</span> <span class='ocrx_word' id='word_1_163' title='bbox 202 1431 395 1504; x_wconf 68' lang='lat' dir='ltr'>schismatici.</span> <span class='ocrx_word' id='word_1_164' title='bbox 411 1431 617 1490; x_wconf 85' lang='lat' dir='ltr'>ltesurrexrret</span> <span class='ocrx_word' id='word_1_165' title='bbox 631 1430 720 1500; x_wconf 88' lang='lat' dir='ltr'>enim,</span> <span class='ocrx_word' id='word_1_166' title='bbox 737 1433 766 1487; x_wconf 90' lang='lat' dir='ltr'>et</span> <span class='ocrx_word' id='word_1_167' title='bbox 777 1429 808 1485; x_wconf 92' lang='lat' dir='ltr'>in</span> <span class='ocrx_word' id='word_1_168' title='bbox 827 1427 924 1484; x_wconf 88' lang='lat' dir='ltr'>littore</span> <span class='ocrx_word' id='word_1_169' title='bbox 979 1437 1144 1503; x_wconf 73' lang='lat' dir='ltr'>pugnantes</span> <span class='ocrx_word' id='word_1_170' title='bbox 1165 1433 1252 1490; x_wconf 85' lang='lat' dir='ltr'>tidem</span> <span class='ocrx_word' id='word_1_171' title='bbox 1268 1433 1410 1506; x_wconf 90' lang='lat' dir='ltr'>gentium.</span> <span class='ocrx_word' id='word_1_172' title='bbox 1422 1437 1486 1490; x_wconf 82' lang='lat' dir='ltr'>Non</span> <span class='ocrx_word' id='word_1_173' title='bbox 1497 1432 1575 1490; x_wconf 88' lang='lat' dir='ltr'>enim</span> <span class='ocrx_word' id='word_1_174' title='bbox 1586 1431 1673 1506; x_wconf 90' lang='lat' dir='ltr'>longe</span> <span class='ocrx_word' id='word_1_175' title='bbox 1685 1431 1801 1488; x_wconf 90' lang='lat' dir='ltr'>suntab</span> 
     </span>
     <span class='ocr_line' id='line_1_14' title="bbox 97 1515 1800 1594; baseline -0.001 -18"><span class='ocrx_word' id='word_1_176' title='bbox 97 1521 251 1580; x_wconf 88' lang='lat' dir='ltr'>tutissimo</span> <span class='ocrx_word' id='word_1_177' title='bbox 263 1522 369 1593; x_wconf 84' lang='lat' dir='ltr'>stabat,</span> <span class='ocrx_word' id='word_1_178' title='bbox 380 1521 506 1594; x_wconf 72' lang='lat' dir='ltr'>quippe«</span> <span class='ocrx_word' id='word_1_179' title='bbox 518 1521 567 1594; x_wconf 89' lang='lat' dir='ltr'>qui</span> <span class='ocrx_word' id='word_1_180' title='bbox 579 1535 775 1593; x_wconf 86' lang='lat' dir='ltr'>resurgensex</span> <span class='ocrx_word' id='word_1_181' title='bbox 788 1515 922 1585; x_wconf 85' lang='lat' dir='ltr'>mortuis,</span> <span class='ocrx_word' id='word_1_182' title='bbox 978 1521 1027 1576; x_wconf 87' lang='lat' dir='ltr'>illa</span> <span class='ocrx_word' id='word_1_183' title='bbox 1040 1521 1198 1578; x_wconf 88' lang='lat' dir='ltr'>viventium</span> <span class='ocrx_word' id='word_1_184' title='bbox 1214 1527 1301 1590; x_wconf 86' lang='lat' dir='ltr'>terra,</span> <span class='ocrx_word' id='word_1_185' title='bbox 1317 1522 1346 1578; x_wconf 91' lang='lat' dir='ltr'>in</span> <span class='ocrx_word' id='word_1_186' title='bbox 1364 1539 1421 1594; x_wconf 91' lang='lat' dir='ltr'>qua</span> <span class='ocrx_word' id='word_1_187' title='bbox 1436 1521 1579 1579; x_wconf 86' lang='lat' dir='ltr'>Dominus</span> <span class='ocrx_word' id='word_1_188' title='bbox 1594 1520 1800 1578; x_wconf 81' lang='lat' dir='ltr'>immortaliter</span> 
     </span>
     <span class='ocr_line' id='line_1_15' title="bbox 94 1606 1800 1684; baseline -0.001 -17"><span class='ocrx_word' id='word_1_189' title='bbox 94 1611 158 1682; x_wconf 89' lang='lat' dir='ltr'>jam</span> <span class='ocrx_word' id='word_1_190' title='bbox 175 1627 233 1669; x_wconf 94' lang='lat' dir='ltr'>uon</span> <span class='ocrx_word' id='word_1_191' title='bbox 249 1611 382 1679; x_wconf 85' lang='lat' dir='ltr'>moritur,</span> <span class='ocrx_word' id='word_1_192' title='bbox 400 1627 479 1668; x_wconf 85' lang='lat' dir='ltr'>mors</span> <span class='ocrx_word' id='word_1_193' title='bbox 495 1611 538 1667; x_wconf 91' lang='lat' dir='ltr'>illi</span> <span class='ocrx_word' id='word_1_194' title='bbox 554 1609 630 1668; x_wconf 88' lang='lat' dir='ltr'>ultre</span> <span class='ocrx_word' id='word_1_195' title='bbox 646 1627 703 1668; x_wconf 92' lang='lat' dir='ltr'>non</span> <span class='ocrx_word' id='word_1_196' title='bbox 724 1606 925 1666; x_wconf 88' lang='lat' dir='ltr'>dominabitur</span> <span class='ocrx_word' id='word_1_197' title='bbox 978 1611 1224 1684; x_wconf 86' lang='lat' dir='ltr'>atet,sicutlonge</span> <span class='ocrx_word' id='word_1_198' title='bbox 1235 1610 1800 1684; x_wconf 83' lang='lat' dir='ltr'>erantantiquitussublegaleborantes,</span> 
     </span>
     <span class='ocr_line' id='line_1_16' title="bbox 97 1693 1802 1776; baseline -0.002 -20"><span class='ocrx_word' id='word_1_199' title='bbox 97 1699 188 1772; x_wconf 75' lang='lat' dir='ltr'>(dom.</span> <span class='ocrx_word' id='word_1_200' title='bbox 197 1701 266 1772; x_wconf 63' lang='lat' dir='ltr'>vri·</span> <span class='ocrx_word' id='word_1_201' title='bbox 279 1699 428 1757; x_wconf 81' lang='lat' dir='ltr'>uriucirrn</span> <span class='ocrx_word' id='word_1_202' title='bbox 448 1705 525 1756; x_wconf 87' lang='lat' dir='ltr'>recte</span> <span class='ocrx_word' id='word_1_203' title='bbox 542 1699 619 1756; x_wconf 87' lang='lat' dir='ltr'>soloe</span> <span class='ocrx_word' id='word_1_204' title='bbox 630 1697 836 1773; x_wconf 71' lang='lat' dir='ltr'>praefigurabat</span> <span class='ocrx_word' id='word_1_205' title='bbox 847 1693 922 1762; x_wconf 82' lang='lat' dir='ltr'>illos,</span> <span class='ocrx_word' id='word_1_206' title='bbox 978 1705 1136 1772; x_wconf 88' lang='lat' dir='ltr'>antequam</span> <span class='ocrx_word' id='word_1_207' title='bbox 1150 1701 1260 1758; x_wconf 90' lang='lat' dir='ltr'>veniret</span> <span class='ocrx_word' id='word_1_208' title='bbox 1270 1701 1437 1775; x_wconf 87' lang='lat' dir='ltr'>gratie,scd</span> <span class='ocrx_word' id='word_1_209' title='bbox 1447 1717 1535 1776; x_wconf 88' lang='lat' dir='ltr'>prope</span> <span class='ocrx_word' id='word_1_210' title='bbox 1546 1705 1614 1756; x_wconf 88' lang='lat' dir='ltr'>sunt</span> <span class='ocrx_word' id='word_1_211' title='bbox 1627 1699 1713 1772; x_wconf 86' lang='lat' dir='ltr'>quasi</span> <span class='ocrx_word' id='word_1_212' title='bbox 1723 1698 1802 1754; x_wconf 88' lang='lat' dir='ltr'>cubi·</span> 
     </span>
     <span class='ocr_line' id='line_1_17' title="bbox 98 1784 1801 1884; baseline -0.001 -38"><span class='ocrx_word' id='word_1_213' title='bbox 98 1806 175 1862; x_wconf 89' lang='lat' dir='ltr'>quos</span> <span class='ocrx_word' id='word_1_214' title='bbox 189 1805 287 1846; x_wconf 90' lang='lat' dir='ltr'>secum</span> <span class='ocrx_word' id='word_1_215' title='bbox 304 1787 428 1848; x_wconf 87' lang='lat' dir='ltr'>suscitat</span> <span class='ocrx_word' id='word_1_216' title='bbox 443 1805 603 1862; x_wconf 87' lang='lat' dir='ltr'>secumque</span> <span class='ocrx_word' id='word_1_217' title='bbox 617 1789 653 1846; x_wconf 86' lang='lat' dir='ltr'>ad</span> <span class='ocrx_word' id='word_1_218' title='bbox 664 1789 814 1846; x_wconf 83' lang='lat' dir='ltr'>dextoram</span> <span class='ocrx_word' id='word_1_219' title='bbox 827 1784 922 1844; x_wconf 89' lang='lat' dir='ltr'>Patris</span> <span class='ocrx_word' id='word_1_220' title='bbox 941 1818 963 1884; x_wconf 74' lang='lat' dir='ltr'>B</span> <span class='ocrx_word' id='word_1_221' title='bbox 977 1789 1014 1846; x_wconf 84' lang='lat' dir='ltr'>tie</span> <span class='ocrx_word' id='word_1_222' title='bbox 1024 1791 1169 1860; x_wconf 88' lang='lat' dir='ltr'>ducentis,</span> <span class='ocrx_word' id='word_1_223' title='bbox 1179 1789 1404 1848; x_wconf 88' lang='lat' dir='ltr'>liberividelicet</span> <span class='ocrx_word' id='word_1_224' title='bbox 1416 1787 1703 1860; x_wconf 81' lang='lat' dir='ltr'>acunctislegalibus</span> <span class='ocrx_word' id='word_1_225' title='bbox 1714 1803 1801 1844; x_wconf 80' lang='lat' dir='ltr'>cure·</span> 
     </span>
     <span class='ocr_line' id='line_1_18' title="bbox 98 1876 1801 1951; baseline -0.003 -14"><span class='ocrx_word' id='word_1_226' title='bbox 98 1879 251 1938; x_wconf 88' lang='lat' dir='ltr'>considere</span> <span class='ocrx_word' id='word_1_227' title='bbox 267 1880 354 1937; x_wconf 89' lang='lat' dir='ltr'>vellet</span> <span class='ocrx_word' id='word_1_228' title='bbox 369 1880 399 1936; x_wconf 94' lang='lat' dir='ltr'>in</span> <span class='ocrx_word' id='word_1_229' title='bbox 416 1878 583 1936; x_wconf 75' lang='lat' dir='ltr'>caelestibus</span> <span class='ocrx_word' id='word_1_230' title='bbox 599 1879 675 1947; x_wconf 82' lang='lat' dir='ltr'>(Luc.</span> <span class='ocrx_word' id='word_1_231' title='bbox 687 1877 766 1950; x_wconf 80' lang='lat' dir='ltr'>xxiv)</span> <span class='ocrx_word' id='word_1_232' title='bbox 979 1877 1096 1948; x_wconf 90' lang='lat' dir='ltr'>moniis,</span> <span class='ocrx_word' id='word_1_233' title='bbox 1112 1877 1233 1951; x_wconf 88' lang='lat' dir='ltr'>soleque</span> <span class='ocrx_word' id='word_1_234' title='bbox 1248 1878 1284 1935; x_wconf 91' lang='lat' dir='ltr'>nd</span> <span class='ocrx_word' id='word_1_235' title='bbox 1309 1877 1537 1951; x_wconf 88' lang='lat' dir='ltr'>perveniendum</span> <span class='ocrx_word' id='word_1_236' title='bbox 1562 1894 1636 1950; x_wconf 91' lang='lat' dir='ltr'>opus</span> <span class='ocrx_word' id='word_1_237' title='bbox 1659 1876 1801 1934; x_wconf 89' lang='lat' dir='ltr'>babentes</span> 
     </span>
     <span class='ocr_line' id='line_1_19' title="bbox 136 1966 1805 2042; baseline -0.001 -20"><span class='ocrx_word' id='word_1_238' title='bbox 136 1991 149 2022; x_wconf 85' lang='grc' dir='ltr'>ι</span> <span class='ocrx_word' id='word_1_239' title='bbox 165 1969 240 2026; x_wconf 84' lang='lat' dir='ltr'>Dicit</span> <span class='ocrx_word' id='word_1_240' title='bbox 251 1985 319 2042; x_wconf 89' lang='lat' dir='ltr'>ergo</span> <span class='ocrx_word' id='word_1_241' title='bbox 335 1966 565 2042; x_wconf 89' lang='lat' dir='ltr'>discipulusille,</span> <span class='ocrx_word' id='word_1_242' title='bbox 581 1966 924 2040; x_wconf 85' lang='lat' dir='ltr'>quomdiligebntlesus,</span> <span class='ocrx_word' id='word_1_243' title='bbox 978 1967 1133 2025; x_wconf 83' lang='lat' dir='ltr'>dilectione</span> <span class='ocrx_word' id='word_1_244' title='bbox 1148 1967 1198 2024; x_wconf 92' lang='lat' dir='ltr'>Dci</span> <span class='ocrx_word' id='word_1_245' title='bbox 1213 1971 1241 2024; x_wconf 91' lang='lat' dir='ltr'>ct</span> <span class='ocrx_word' id='word_1_246' title='bbox 1257 1968 1391 2040; x_wconf 84' lang='lat' dir='ltr'>proximi.</span> <span class='ocrx_word' id='word_1_247' title='bbox 1408 1991 1421 2018; x_wconf 85' lang='grc' dir='ltr'>ιι</span> <span class='ocrx_word' id='word_1_248' title='bbox 1433 1967 1470 2025; x_wconf 93' lang='lat' dir='ltr'>Ut</span> <span class='ocrx_word' id='word_1_249' title='bbox 1480 1971 1577 2024; x_wconf 89' lang='lat' dir='ltr'>autern</span> <span class='ocrx_word' id='word_1_250' title='bbox 1591 1966 1805 2024; x_wconf 89' lang='lat' dir='ltr'>descenderunt</span> 
     </span>
     <span class='ocr_line' id='line_1_20' title="bbox 98 2057 1803 2133; baseline -0.004 -17"><span class='ocrx_word' id='word_1_251' title='bbox 98 2065 194 2130; x_wconf 85' lang='lat' dir='ltr'>Petro,</span> <span class='ocrx_word' id='word_1_252' title='bbox 209 2060 352 2117; x_wconf 83' lang='lat' dir='ltr'>Dominus</span> <span class='ocrx_word' id='word_1_253' title='bbox 370 2063 424 2116; x_wconf 85' lang='lat' dir='ltr'>est.</span> <span class='ocrx_word' id='word_1_254' title='bbox 443 2080 455 2111; x_wconf 90' lang='grc' dir='ltr'>ι</span> <span class='ocrx_word' id='word_1_255' title='bbox 474 2059 559 2132; x_wconf 79' lang='lat' dir='ltr'>Ergo,</span> <span class='ocrx_word' id='word_1_256' title='bbox 575 2057 680 2130; x_wconf 62' lang='lat' dir='ltr'>inquit,</span> <span class='ocrx_word' id='word_1_257' title='bbox 703 2057 773 2130; x_wconf 88' lang='lat' dir='ltr'>quie</span> <span class='ocrx_word' id='word_1_258' title='bbox 801 2071 925 2130; x_wconf 84' lang='lat' dir='ltr'>magnus</span> <span class='ocrx_word' id='word_1_259' title='bbox 977 2059 1007 2116; x_wconf 90' lang='lat' dir='ltr'>in</span> <span class='ocrx_word' id='word_1_260' title='bbox 1020 2059 1535 2133; x_wconf 83' lang='lat' dir='ltr'>terram,videruntprunaspoeitae,</span> <span class='ocrx_word' id='word_1_261' title='bbox 1547 2058 1803 2130; x_wconf 83' lang='lat' dir='ltr'>etpisccnrsuper-</span> 
     </span>
     <span class='ocr_line' id='line_1_21' title="bbox 95 2145 1801 2222; baseline -0.002 -18"><span class='ocrx_word' id='word_1_262' title='bbox 95 2148 147 2206; x_wconf 92' lang='lat' dir='ltr'>ills</span> <span class='ocrx_word' id='word_1_263' title='bbox 163 2165 323 2222; x_wconf 88' lang='lat' dir='ltr'>puerorum</span> <span class='ocrx_word' id='word_1_264' title='bbox 340 2164 461 2206; x_wconf 83' lang='lat' dir='ltr'>errorum</span> <span class='ocrx_word' id='word_1_265' title='bbox 477 2148 647 2222; x_wconf 84' lang='lat' dir='ltr'>appellator,</span> <span class='ocrx_word' id='word_1_266' title='bbox 660 2147 711 2220; x_wconf 87' lang='lat' dir='ltr'>qui</span> <span class='ocrx_word' id='word_1_267' title='bbox 724 2146 924 2203; x_wconf 87' lang='lat' dir='ltr'>inlittorcsto·</span> <span class='ocrx_word' id='word_1_268' title='bbox 978 2149 1104 2220; x_wconf 83' lang='lat' dir='ltr'>positum</span> <span class='ocrx_word' id='word_1_269' title='bbox 1120 2152 1148 2205; x_wconf 91' lang='lat' dir='ltr'>et</span> <span class='ocrx_word' id='word_1_270' title='bbox 1168 2163 1282 2221; x_wconf 87' lang='lat' dir='ltr'>panem.</span> <span class='ocrx_word' id='word_1_271' title='bbox 1301 2170 1315 2199; x_wconf 82' lang='lat' dir='ltr'>a</span> <span class='ocrx_word' id='word_1_272' title='bbox 1341 2147 1472 2222; x_wconf 82' lang='lat' dir='ltr'>Regnum</span> <span class='ocrx_word' id='word_1_273' title='bbox 1497 2145 1697 2211; x_wconf 84' lang='lat' dir='ltr'>beatitudinis,</span> <span class='ocrx_word' id='word_1_274' title='bbox 1723 2145 1801 2218; x_wconf 89' lang='lat' dir='ltr'>quod</span> 
     </span>
     <span class='ocr_line' id='line_1_22' title="bbox 95 2235 1801 2311; baseline -0.002 -17"><span class='ocrx_word' id='word_1_275' title='bbox 95 2238 159 2308; x_wconf 88' lang='lat' dir='ltr'>bat,</span> <span class='ocrx_word' id='word_1_276' title='bbox 176 2241 234 2295; x_wconf 84' lang='lat' dir='ltr'>tam</span> <span class='ocrx_word' id='word_1_277' title='bbox 248 2239 387 2296; x_wconf 90' lang='lat' dir='ltr'>veraciter</span> <span class='ocrx_word' id='word_1_278' title='bbox 395 2237 627 2311; x_wconf 79' lang='lat' dir='ltr'>prophetaverat,</span> <span class='ocrx_word' id='word_1_279' title='bbox 639 2236 762 2294; x_wconf 92' lang='lat' dir='ltr'>dicendo</span> <span class='ocrx_word' id='word_1_280' title='bbox 775 2253 782 2290; x_wconf 80' lang='grc' dir='ltr'><strong>ι</strong></span> <span class='ocrx_word' id='word_1_281' title='bbox 795 2235 926 2292; x_wconf 71' lang='lat' dir='ltr'>«Mittite</span> <span class='ocrx_word' id='word_1_282' title='bbox 978 2255 1069 2294; x_wconf 90' lang='lat' dir='ltr'>uuum</span> <span class='ocrx_word' id='word_1_283' title='bbox 1086 2241 1115 2294; x_wconf 90' lang='lat' dir='ltr'>et</span> <span class='ocrx_word' id='word_1_284' title='bbox 1125 2241 1266 2296; x_wconf 78' lang='lat' dir='ltr'>eternum</span> <span class='ocrx_word' id='word_1_285' title='bbox 1279 2237 1447 2310; x_wconf 88' lang='lat' dir='ltr'>prandium,</span> <span class='ocrx_word' id='word_1_286' title='bbox 1459 2254 1517 2294; x_wconf 89' lang='lat' dir='ltr'>una</span> <span class='ocrx_word' id='word_1_287' title='bbox 1531 2241 1559 2292; x_wconf 89' lang='lat' dir='ltr'>et</span> <span class='ocrx_word' id='word_1_288' title='bbox 1571 2241 1708 2309; x_wconf 88' lang='lat' dir='ltr'>perpetus</span> <span class='ocrx_word' id='word_1_289' title='bbox 1718 2249 1801 2292; x_wconf 89' lang='lat' dir='ltr'>coena</span> 
     </span>
     <span class='ocr_line' id='line_1_23' title="bbox 96 2324 1800 2400; baseline -0.001 -17"><span class='ocrx_word' id='word_1_290' title='bbox 96 2329 127 2384; x_wconf 92' lang='lat' dir='ltr'>iu</span> <span class='ocrx_word' id='word_1_291' title='bbox 145 2329 292 2385; x_wconf 86' lang='lat' dir='ltr'>dexteram</span> <span class='ocrx_word' id='word_1_292' title='bbox 309 2327 417 2400; x_wconf 88' lang='lat' dir='ltr'>navigii</span> <span class='ocrx_word' id='word_1_293' title='bbox 443 2331 514 2396; x_wconf 89' lang='lat' dir='ltr'>rete,</span> <span class='ocrx_word' id='word_1_294' title='bbox 541 2332 570 2383; x_wconf 89' lang='lat' dir='ltr'>et</span> <span class='ocrx_word' id='word_1_295' title='bbox 596 2325 769 2397; x_wconf 74' lang='lat' dir='ltr'>invenietis,</span> <span class='ocrx_word' id='word_1_296' title='bbox 793 2325 872 2383; x_wconf 88' lang='lat' dir='ltr'>veuit</span> <span class='ocrx_word' id='word_1_297' title='bbox 895 2325 924 2382; x_wconf 90' lang='lat' dir='ltr'>iu</span> <span class='ocrx_word' id='word_1_298' title='bbox 978 2332 1032 2394; x_wconf 88' lang='lat' dir='ltr'>est,</span> <span class='ocrx_word' id='word_1_299' title='bbox 1048 2327 1078 2383; x_wconf 92' lang='lat' dir='ltr'>in</span> <span class='ocrx_word' id='word_1_300' title='bbox 1093 2326 1142 2384; x_wconf 93' lang='lat' dir='ltr'>illo</span> <span class='ocrx_word' id='word_1_301' title='bbox 1158 2327 1266 2397; x_wconf 85' lang='lat' dir='ltr'>littore,</span> <span class='ocrx_word' id='word_1_302' title='bbox 1282 2327 1312 2383; x_wconf 90' lang='lat' dir='ltr'>id</span> <span class='ocrx_word' id='word_1_303' title='bbox 1328 2330 1383 2395; x_wconf 87' lang='lat' dir='ltr'>est,</span> <span class='ocrx_word' id='word_1_304' title='bbox 1404 2325 1503 2384; x_wconf 73' lang='lat' dir='ltr'>saeculi</span> <span class='ocrx_word' id='word_1_305' title='bbox 1521 2326 1578 2382; x_wconf 87' lang='lat' dir='ltr'>tluo</span> <span class='ocrx_word' id='word_1_306' title='bbox 1594 2324 1800 2381; x_wconf 90' lang='lat' dir='ltr'>inveniendum</span> 
     </span>
     <span class='ocr_line' id='line_1_24' title="bbox 96 2414 1802 2490; baseline -0.003 -16"><span class='ocrx_word' id='word_1_307' title='bbox 96 2421 224 2474; x_wconf 89' lang='lat' dir='ltr'>mentem</span> <span class='ocrx_word' id='word_1_308' title='bbox 247 2417 337 2489; x_wconf 89' lang='lat' dir='ltr'>priori</span> <span class='ocrx_word' id='word_1_309' title='bbox 353 2415 503 2490; x_wconf 85' lang='lat' dir='ltr'>discipulo</span> <span class='ocrx_word' id='word_1_310' title='bbox 519 2415 560 2472; x_wconf 90' lang='lat' dir='ltr'>illi</span> <span class='ocrx_word' id='word_1_311' title='bbox 578 2433 666 2488; x_wconf 87' lang='lat' dir='ltr'>quem</span> <span class='ocrx_word' id='word_1_312' title='bbox 679 2414 923 2488; x_wconf 63' lang='lat' dir='ltr'>diligebamus,</span> <span class='ocrx_word' id='word_1_313' title='bbox 978 2420 1033 2474; x_wconf 88' lang='lat' dir='ltr'>est.</span> <span class='ocrx_word' id='word_1_314' title='bbox 1051 2415 1112 2474; x_wconf 91' lang='lat' dir='ltr'>Illic</span> <span class='ocrx_word' id='word_1_315' title='bbox 1127 2416 1388 2473; x_wconf 81' lang='lat' dir='ltr'>invenieutorunes</span> <span class='ocrx_word' id='word_1_316' title='bbox 1401 2415 1484 2472; x_wconf 90' lang='lat' dir='ltr'>electi</span> <span class='ocrx_word' id='word_1_317' title='bbox 1498 2431 1616 2486; x_wconf 88' lang='lat' dir='ltr'>prunae,</span> <span class='ocrx_word' id='word_1_318' title='bbox 1631 2414 1661 2469; x_wconf 82' lang='lat' dir='ltr'>id</span> <span class='ocrx_word' id='word_1_319' title='bbox 1672 2418 1728 2483; x_wconf 85' lang='lat' dir='ltr'>est,</span> <span class='ocrx_word' id='word_1_320' title='bbox 1740 2416 1802 2486; x_wconf 90' lang='lat' dir='ltr'>ple·</span> 
     </span>
     <span class='ocr_line' id='line_1_25' title="bbox 98 2502 1799 2579; baseline -0.002 -17"><span class='ocrx_word' id='word_1_321' title='bbox 98 2507 170 2576; x_wconf 88' lang='lat' dir='ltr'>quia</span> <span class='ocrx_word' id='word_1_322' title='bbox 183 2506 324 2564; x_wconf 86' lang='lat' dir='ltr'>Dominus</span> <span class='ocrx_word' id='word_1_323' title='bbox 338 2511 393 2564; x_wconf 86' lang='lat' dir='ltr'>est.</span> <span class='ocrx_word' id='word_1_324' title='bbox 411 2528 425 2557; x_wconf 84' lang='grc' dir='ltr'>ιι</span> <span class='ocrx_word' id='word_1_325' title='bbox 438 2505 473 2562; x_wconf 82' lang='lat' dir='ltr'>ur</span> <span class='ocrx_word' id='word_1_326' title='bbox 489 2505 541 2563; x_wconf 92' lang='lat' dir='ltr'>hoc</span> <span class='ocrx_word' id='word_1_327' title='bbox 556 2505 643 2562; x_wconf 90' lang='lat' dir='ltr'>Petro</span> <span class='ocrx_word' id='word_1_328' title='bbox 659 2503 741 2574; x_wconf 82' lang='lat' dir='ltr'>dixit,</span> <span class='ocrx_word' id='word_1_329' title='bbox 756 2521 813 2577; x_wconf 79' lang='lat' dir='ltr'>pre</span> <span class='ocrx_word' id='word_1_330' title='bbox 828 2503 926 2561; x_wconf 90' lang='lat' dir='ltr'>omni·</span> <span class='ocrx_word' id='word_1_331' title='bbox 978 2507 1094 2563; x_wconf 88' lang='lat' dir='ltr'>narium</span> <span class='ocrx_word' id='word_1_332' title='bbox 1111 2505 1207 2579; x_wconf 87' lang='lat' dir='ltr'>ignem</span> <span class='ocrx_word' id='word_1_333' title='bbox 1224 2503 1268 2562; x_wconf 89' lang='lat' dir='ltr'>vel</span> <span class='ocrx_word' id='word_1_334' title='bbox 1283 2522 1412 2562; x_wconf 90' lang='lat' dir='ltr'>umorem</span> <span class='ocrx_word' id='word_1_335' title='bbox 1428 2504 1554 2578; x_wconf 85' lang='lat' dir='ltr'>Spiritus</span> <span class='ocrx_word' id='word_1_336' title='bbox 1569 2502 1674 2574; x_wconf 89' lang='lat' dir='ltr'>sancti,</span> <span class='ocrx_word' id='word_1_337' title='bbox 1693 2502 1745 2576; x_wconf 88' lang='lat' dir='ltr'>qui</span> <span class='ocrx_word' id='word_1_338' title='bbox 1769 2503 1799 2559; x_wconf 93' lang='lat' dir='ltr'>iu</span> 
     </span>
     <span class='ocr_line' id='line_1_26' title="bbox 98 2591 1801 2668; baseline -0.002 -16"><span class='ocrx_word' id='word_1_339' title='bbox 98 2594 157 2651; x_wconf 90' lang='lat' dir='ltr'>bus</span> <span class='ocrx_word' id='word_1_340' title='bbox 172 2611 257 2667; x_wconf 89' lang='lat' dir='ltr'>quem</span> <span class='ocrx_word' id='word_1_341' title='bbox 269 2595 453 2666; x_wconf 87' lang='lat' dir='ltr'>gravisurum</span> <span class='ocrx_word' id='word_1_342' title='bbox 462 2595 644 2652; x_wconf 87' lang='lat' dir='ltr'>cssescicbet</span> <span class='ocrx_word' id='word_1_343' title='bbox 654 2593 722 2668; x_wconf 87' lang='lat' dir='ltr'>plue</span> <span class='ocrx_word' id='word_1_344' title='bbox 733 2592 881 2650; x_wconf 85' lang='lat' dir='ltr'>omnibus.</span> <span class='ocrx_word' id='word_1_345' title='bbox 893 2593 927 2648; x_wconf 83' lang='lat' dir='ltr'>Et</span> <span class='ocrx_word' id='word_1_346' title='bbox 978 2598 1030 2654; x_wconf 86' lang='lat' dir='ltr'>bac</span> <span class='ocrx_word' id='word_1_347' title='bbox 1042 2596 1100 2652; x_wconf 90' lang='lat' dir='ltr'>vita</span> <span class='ocrx_word' id='word_1_348' title='bbox 1109 2595 1217 2652; x_wconf 87' lang='lat' dir='ltr'>senatis</span> <span class='ocrx_word' id='word_1_349' title='bbox 1226 2592 1427 2667; x_wconf 79' lang='lat' dir='ltr'>aliquantulus</span> <span class='ocrx_word' id='word_1_350' title='bbox 1437 2592 1531 2665; x_wconf 90' lang='lat' dir='ltr'>eet,iu</span> <span class='ocrx_word' id='word_1_351' title='bbox 1543 2591 1593 2648; x_wconf 94' lang='lat' dir='ltr'>illo</span> <span class='ocrx_word' id='word_1_352' title='bbox 1604 2597 1702 2648; x_wconf 88' lang='lat' dir='ltr'>autem</span> <span class='ocrx_word' id='word_1_353' title='bbox 1712 2607 1801 2665; x_wconf 88' lang='lat' dir='ltr'>reguo</span> 
     </span>
     <span class='ocr_line' id='line_1_27' title="bbox 101 2680 1803 2760; baseline -0.004 -18"><span class='ocrx_word' id='word_1_354' title='bbox 101 2687 189 2756; x_wconf 88' lang='lat' dir='ltr'>bene,</span> <span class='ocrx_word' id='word_1_355' title='bbox 206 2686 275 2760; x_wconf 88' lang='lat' dir='ltr'>quia</span> <span class='ocrx_word' id='word_1_356' title='bbox 289 2686 345 2744; x_wconf 92' lang='lat' dir='ltr'>cito</span> <span class='ocrx_word' id='word_1_357' title='bbox 361 2685 577 2760; x_wconf 86' lang='lat' dir='ltr'>acquieverant,</span> <span class='ocrx_word' id='word_1_358' title='bbox 593 2685 720 2743; x_wconf 88' lang='lat' dir='ltr'>dicenti:</span> <span class='ocrx_word' id='word_1_359' title='bbox 740 2708 751 2736; x_wconf 88' lang='grc' dir='ltr'>ι</span> <span class='ocrx_word' id='word_1_360' title='bbox 769 2684 873 2742; x_wconf 80' lang='lat' dir='ltr'>Mittite</span> <span class='ocrx_word' id='word_1_361' title='bbox 895 2684 925 2740; x_wconf 92' lang='lat' dir='ltr'>iu</span> <span class='ocrx_word' id='word_1_362' title='bbox 978 2685 1187 2760; x_wconf 85' lang='lat' dir='ltr'>permaximus,</span> <span class='ocrx_word' id='word_1_363' title='bbox 1204 2684 1281 2740; x_wconf 88' lang='lat' dir='ltr'>sieut</span> <span class='ocrx_word' id='word_1_364' title='bbox 1294 2682 1416 2757; x_wconf 85' lang='lat' dir='ltr'>pulchro</span> <span class='ocrx_word' id='word_1_365' title='bbox 1431 2682 1572 2756; x_wconf 86' lang='lat' dir='ltr'>propheto</span> <span class='ocrx_word' id='word_1_366' title='bbox 1589 2681 1738 2754; x_wconf 83' lang='lat' dir='ltr'>praeuioav,</span> <span class='ocrx_word' id='word_1_367' title='bbox 1753 2680 1803 2737; x_wconf 89' lang='lat' dir='ltr'>di·</span> 
     </span>
     <span class='ocr_line' id='line_1_28' title="bbox 102 2771 1801 2847; baseline -0.004 -13"><span class='ocrx_word' id='word_1_368' title='bbox 102 2777 264 2845; x_wconf 83' lang='lat' dir='ltr'>dexteram,</span> <span class='ocrx_word' id='word_1_369' title='bbox 281 2797 294 2826; x_wconf 83' lang='grc' dir='ltr'>ιι</span> <span class='ocrx_word' id='word_1_370' title='bbox 305 2776 381 2834; x_wconf 91' lang='lat' dir='ltr'>sicut</span> <span class='ocrx_word' id='word_1_371' title='bbox 397 2776 553 2844; x_wconf 87' lang='lat' dir='ltr'>uransueti‚</span> <span class='ocrx_word' id='word_1_372' title='bbox 569 2776 617 2847; x_wconf 89' lang='lat' dir='ltr'>qui</span> <span class='ocrx_word' id='word_1_373' title='bbox 634 2776 726 2834; x_wconf 89' lang='lat' dir='ltr'>secuti</span> <span class='ocrx_word' id='word_1_374' title='bbox 742 2775 925 2833; x_wconf 85' lang='lat' dir='ltr'>lueruntttn-</span> <span class='ocrx_word' id='word_1_375' title='bbox 978 2792 1066 2833; x_wconf 87' lang='lat' dir='ltr'>oens:</span> <span class='ocrx_word' id='word_1_376' title='bbox 1083 2797 1097 2824; x_wconf 90' lang='grc' dir='ltr'>ιι</span> <span class='ocrx_word' id='word_1_377' title='bbox 1113 2772 1188 2830; x_wconf 90' lang='lat' dir='ltr'>Dicit</span> <span class='ocrx_word' id='word_1_378' title='bbox 1203 2772 1357 2840; x_wconf 83' lang='lat' dir='ltr'>Dominus,</span> <span class='ocrx_word' id='word_1_379' title='bbox 1369 2771 1453 2844; x_wconf 83' lang='lat' dir='ltr'>cujus</span> <span class='ocrx_word' id='word_1_380' title='bbox 1469 2771 1545 2843; x_wconf 87' lang='lat' dir='ltr'>ignis</span> <span class='ocrx_word' id='word_1_381' title='bbox 1560 2775 1605 2827; x_wconf 89' lang='lat' dir='ltr'>eat</span> <span class='ocrx_word' id='word_1_382' title='bbox 1620 2771 1650 2827; x_wconf 92' lang='lat' dir='ltr'>in</span> <span class='ocrx_word' id='word_1_383' title='bbox 1665 2771 1744 2842; x_wconf 83' lang='lat' dir='ltr'>Sion,</span> <span class='ocrx_word' id='word_1_384' title='bbox 1772 2774 1801 2827; x_wconf 90' lang='lat' dir='ltr'>et</span> 
     </span>
     <span class='ocr_line' id='line_1_29' title="bbox 103 2860 1803 2938; baseline -0.004 -16"><span class='ocrx_word' id='word_1_385' title='bbox 103 2867 229 2938; x_wconf 81' lang='lat' dir='ltr'>gistrum</span> <span class='ocrx_word' id='word_1_386' title='bbox 244 2865 493 2937; x_wconf 87' lang='lat' dir='ltr'>mensuetudinis,</span> <span class='ocrx_word' id='word_1_387' title='bbox 508 2865 608 2922; x_wconf 87' lang='lat' dir='ltr'>statim</span> <span class='ocrx_word' id='word_1_388' title='bbox 623 2867 822 2938; x_wconf 86' lang='lat' dir='ltr'>cognoverunt</span> <span class='ocrx_word' id='word_1_389' title='bbox 846 2880 923 2932; x_wconf 88' lang='lat' dir='ltr'>eum,</span> <span class='ocrx_word' id='word_1_390' title='bbox 977 2865 1109 2923; x_wconf 86' lang='lat' dir='ltr'>caminus</span> <span class='ocrx_word' id='word_1_391' title='bbox 1124 2864 1188 2936; x_wconf 87' lang='lat' dir='ltr'>cjus</span> <span class='ocrx_word' id='word_1_392' title='bbox 1203 2863 1232 2918; x_wconf 91' lang='lat' dir='ltr'>in</span> <span class='ocrx_word' id='word_1_393' title='bbox 1248 2861 1410 2920; x_wconf 86' lang='lat' dir='ltr'>Jerusalem</span> <span class='ocrx_word' id='word_1_394' title='bbox 1427 2863 1493 2934; x_wconf 86' lang='lat' dir='ltr'>(lau.</span> <span class='ocrx_word' id='word_1_395' title='bbox 1509 2861 1598 2934; x_wconf 78' lang='lat' dir='ltr'>xxxi).</span> <span class='ocrx_word' id='word_1_396' title='bbox 1615 2883 1629 2912; x_wconf 82' lang='grc' dir='ltr'>ιι</span> <span class='ocrx_word' id='word_1_397' title='bbox 1651 2860 1803 2921; x_wconf 83' lang='lat' dir='ltr'>Invenient</span> 
     </span>
     <span class='ocr_line' id='line_1_30' title="bbox 102 2950 1801 3028; baseline -0.004 -17"><span class='ocrx_word' id='word_1_398' title='bbox 102 2956 353 3027; x_wconf 87' lang='lat' dir='ltr'>quemadmodum</span> <span class='ocrx_word' id='word_1_399' title='bbox 369 2961 397 3013; x_wconf 90' lang='lat' dir='ltr'>et</span> <span class='ocrx_word' id='word_1_400' title='bbox 412 2955 454 3012; x_wconf 94' lang='lat' dir='ltr'>illi</span> <span class='ocrx_word' id='word_1_401' title='bbox 469 2956 527 3012; x_wconf 93' lang='lat' dir='ltr'>duo</span> <span class='ocrx_word' id='word_1_402' title='bbox 543 2954 628 3028; x_wconf 89' lang='lat' dir='ltr'>digne</span> <span class='ocrx_word' id='word_1_403' title='bbox 642 2958 842 3028; x_wconf 88' lang='lat' dir='ltr'>cognoverunt</span> <span class='ocrx_word' id='word_1_404' title='bbox 856 2969 924 3010; x_wconf 90' lang='lat' dir='ltr'>oum</span> <span class='ocrx_word' id='word_1_405' title='bbox 976 2959 1005 3012; x_wconf 90' lang='lat' dir='ltr'>et</span> <span class='ocrx_word' id='word_1_406' title='bbox 1019 2954 1128 3027; x_wconf 85' lang='lat' dir='ltr'>piscem</span> <span class='ocrx_word' id='word_1_407' title='bbox 1143 2952 1373 3026; x_wconf 87' lang='lat' dir='ltr'>superpositum,</span> <span class='ocrx_word' id='word_1_408' title='bbox 1389 2955 1417 3007; x_wconf 89' lang='lat' dir='ltr'>ct</span> <span class='ocrx_word' id='word_1_409' title='bbox 1432 2967 1549 3022; x_wconf 89' lang='lat' dir='ltr'>panem,</span> <span class='ocrx_word' id='word_1_410' title='bbox 1574 2950 1602 3006; x_wconf 91' lang='lat' dir='ltr'>id</span> <span class='ocrx_word' id='word_1_411' title='bbox 1627 2953 1681 3020; x_wconf 89' lang='lat' dir='ltr'>est,</span> <span class='ocrx_word' id='word_1_412' title='bbox 1709 2966 1801 3006; x_wconf 91' lang='lat' dir='ltr'>unum</span> 
     </span>
     <span class='ocr_line' id='line_1_31' title="bbox 100 3038 1801 3119; baseline -0.004 -18"><span class='ocrx_word' id='word_1_413' title='bbox 100 3045 286 3104; x_wconf 79' lang='lat' dir='ltr'>infractione</span> <span class='ocrx_word' id='word_1_414' title='bbox 314 3049 409 3117; x_wconf 82' lang='lat' dir='ltr'>penis.</span> <span class='ocrx_word' id='word_1_415' title='bbox 434 3063 486 3119; x_wconf 94' lang='lat' dir='ltr'>pro</span> <span class='ocrx_word' id='word_1_416' title='bbox 515 3062 549 3102; x_wconf 87' lang='lat' dir='ltr'>co</span> <span class='ocrx_word' id='word_1_417' title='bbox 573 3045 643 3119; x_wconf 87' lang='lat' dir='ltr'>quia</span> <span class='ocrx_word' id='word_1_418' title='bbox 665 3048 821 3118; x_wconf 88' lang='lat' dir='ltr'>coegerant</span> <span class='ocrx_word' id='word_1_419' title='bbox 844 3060 923 3111; x_wconf 87' lang='lat' dir='ltr'>eum,</span> <span class='ocrx_word' id='word_1_420' title='bbox 976 3038 1801 3116; x_wconf 77' lang='lat' dir='ltr'>eumdemquchrietunrDeumethomincm,seeundum</span> 
     </span>
     <span class='ocr_line' id='line_1_32' title="bbox 98 3128 1799 3206; baseline -0.002 -17"><span class='ocrx_word' id='word_1_421' title='bbox 98 3134 230 3192; x_wconf 86' lang='lat' dir='ltr'>dicentes</span> <span class='ocrx_word' id='word_1_422' title='bbox 243 3152 249 3191; x_wconf 92' lang='lat'>:</span> <span class='ocrx_word' id='word_1_423' title='bbox 262 3159 276 3186; x_wconf 97' lang='grc' dir='ltr'>ιι</span> <span class='ocrx_word' id='word_1_424' title='bbox 288 3137 369 3192; x_wconf 82' lang='lat' dir='ltr'>lianc</span> <span class='ocrx_word' id='word_1_425' title='bbox 381 3133 690 3206; x_wconf 83' lang='lat' dir='ltr'>nobiscuuv,quoniem</span> <span class='ocrx_word' id='word_1_426' title='bbox 698 3133 922 3206; x_wconf 87' lang='lat' dir='ltr'>advesperascit.</span> <span class='ocrx_word' id='word_1_427' title='bbox 977 3133 1189 3192; x_wconf 85' lang='lat' dir='ltr'>humanitatem</span> <span class='ocrx_word' id='word_1_428' title='bbox 1205 3131 1335 3204; x_wconf 86' lang='lat' dir='ltr'>quidem,</span> <span class='ocrx_word' id='word_1_429' title='bbox 1351 3128 1429 3186; x_wconf 85' lang='lat' dir='ltr'>siout</span> <span class='ocrx_word' id='word_1_430' title='bbox 1443 3129 1550 3202; x_wconf 86' lang='lat' dir='ltr'>piscem</span> <span class='ocrx_word' id='word_1_431' title='bbox 1566 3145 1678 3196; x_wconf 86' lang='lat' dir='ltr'>ussum,</span> <span class='ocrx_word' id='word_1_432' title='bbox 1695 3144 1799 3186; x_wconf 90' lang='lat' dir='ltr'>secuu-</span> 
     </span>
     <span class='ocr_line' id='line_1_33' title="bbox 97 3185 1801 3296; baseline -0.004 -14"><span class='ocrx_word' id='word_1_433' title='bbox 97 3223 157 3282; x_wconf 91' lang='lat' dir='ltr'>Nec</span> <span class='ocrx_word' id='word_1_434' title='bbox 172 3241 240 3281; x_wconf 90' lang='lat' dir='ltr'>vero</span> <span class='ocrx_word' id='word_1_435' title='bbox 255 3223 326 3280; x_wconf 86' lang='lat' dir='ltr'>dixit</span> <span class='ocrx_word' id='word_1_436' title='bbox 338 3223 503 3296; x_wconf 89' lang='lat' dir='ltr'>discipulus</span> <span class='ocrx_word' id='word_1_437' title='bbox 523 3221 583 3295; x_wconf 89' lang='lat' dir='ltr'>ille,</span> <span class='ocrx_word' id='word_1_438' title='bbox 598 3223 685 3280; x_wconf 80' lang='lat' dir='ltr'>lesus</span> <span class='ocrx_word' id='word_1_439' title='bbox 708 3227 762 3293; x_wconf 88' lang='lat' dir='ltr'>est,</span> <span class='ocrx_word' id='word_1_440' title='bbox 789 3221 839 3279; x_wconf 88' lang='lat' dir='ltr'>sed</span> <span class='ocrx_word' id='word_1_441' title='bbox 865 3221 922 3278; x_wconf 94' lang='lat' dir='ltr'>Do·</span> <span class='ocrx_word' id='word_1_442' title='bbox 939 3185 1045 3281; x_wconf 83' lang='lat' dir='ltr'>Cdum</span> <span class='ocrx_word' id='word_1_443' title='bbox 1061 3221 1221 3279; x_wconf 77' lang='lat' dir='ltr'>divinitutIs</span> <span class='ocrx_word' id='word_1_444' title='bbox 1237 3224 1334 3276; x_wconf 88' lang='lat' dir='ltr'>autem</span> <span class='ocrx_word' id='word_1_445' title='bbox 1351 3226 1496 3288; x_wconf 87' lang='lat' dir='ltr'>naturam,</span> <span class='ocrx_word' id='word_1_446' title='bbox 1512 3234 1617 3292; x_wconf 89' lang='lat' dir='ltr'>penem</span> <span class='ocrx_word' id='word_1_447' title='bbox 1629 3216 1801 3293; x_wconf 87' lang='lat' dir='ltr'>angelorum</span> 
     </span>
     <span class='ocr_line' id='line_1_34' title="bbox 97 3309 1198 3386; baseline -0.003 -18"><span class='ocrx_word' id='word_1_448' title='bbox 97 3312 198 3368; x_wconf 90' lang='lat' dir='ltr'>miuus</span> <span class='ocrx_word' id='word_1_449' title='bbox 212 3315 266 3379; x_wconf 85' lang='lat' dir='ltr'>est,</span> <span class='ocrx_word' id='word_1_450' title='bbox 283 3317 311 3369; x_wconf 90' lang='lat' dir='ltr'>et</span> <span class='ocrx_word' id='word_1_451' title='bbox 326 3329 382 3368; x_wconf 93' lang='lat' dir='ltr'>non</span> <span class='ocrx_word' id='word_1_452' title='bbox 398 3315 506 3383; x_wconf 87' lang='lat' dir='ltr'>noster,</span> <span class='ocrx_word' id='word_1_453' title='bbox 522 3309 566 3368; x_wconf 89' lang='lat' dir='ltr'>vel</span> <span class='ocrx_word' id='word_1_454' title='bbox 582 3327 825 3382; x_wconf 88' lang='lat' dir='ltr'>quorumeunque</span> <span class='ocrx_word' id='word_1_455' title='bbox 849 3309 922 3366; x_wconf 90' lang='lat' dir='ltr'>detl—</span> <span class='ocrx_word' id='word_1_456' title='bbox 976 3311 1198 3386; x_wconf 88' lang='lat' dir='ltr'>impassibilem.</span> 
     </span>
     <span class='ocr_line' id='line_1_35' title="bbox 97 3397 1800 3474; baseline -0.002 -15"><span class='ocrx_word' id='word_1_457' title='bbox 97 3400 171 3467; x_wconf 86' lang='lat' dir='ltr'>nite,</span> <span class='ocrx_word' id='word_1_458' title='bbox 187 3402 237 3458; x_wconf 88' lang='lat' dir='ltr'>sed</span> <span class='ocrx_word' id='word_1_459' title='bbox 252 3401 414 3471; x_wconf 80' lang='lat' dir='ltr'>indefinite,</span> <span class='ocrx_word' id='word_1_460' title='bbox 427 3425 440 3452; x_wconf 98' lang='grc' dir='ltr'>ιι</span> <span class='ocrx_word' id='word_1_461' title='bbox 462 3400 604 3458; x_wconf 83' lang='lat' dir='ltr'>Dominus</span> <span class='ocrx_word' id='word_1_462' title='bbox 626 3399 732 3472; x_wconf 90' lang='lat' dir='ltr'>lnquit,</span> <span class='ocrx_word' id='word_1_463' title='bbox 754 3403 808 3457; x_wconf 90' lang='lat' dir='ltr'>est.</span> <span class='ocrx_word' id='word_1_464' title='bbox 826 3423 840 3450; x_wconf 79' lang='grc' dir='ltr'>ιι</span> <span class='ocrx_word' id='word_1_465' title='bbox 865 3400 923 3457; x_wconf 88' lang='lat' dir='ltr'>Gur</span> <span class='ocrx_word' id='word_1_466' title='bbox 1011 3401 1109 3461; x_wconf 81' lang='lat' dir='ltr'>«Dicit</span> <span class='ocrx_word' id='word_1_467' title='bbox 1124 3401 1286 3458; x_wconf 83' lang='lat' dir='ltr'>eisleeus:</span> <span class='ocrx_word' id='word_1_468' title='bbox 1301 3399 1407 3456; x_wconf 80' lang='lat' dir='ltr'>Allcrte</span> <span class='ocrx_word' id='word_1_469' title='bbox 1421 3398 1457 3455; x_wconf 91' lang='lat' dir='ltr'>de</span> <span class='ocrx_word' id='word_1_470' title='bbox 1473 3397 1604 3474; x_wconf 87' lang='lat' dir='ltr'>piscibus</span> <span class='ocrx_word' id='word_1_471' title='bbox 1620 3415 1694 3473; x_wconf 89' lang='lat' dir='ltr'>quos</span> <span class='ocrx_word' id='word_1_472' title='bbox 1710 3415 1800 3472; x_wconf 91' lang='lat' dir='ltr'>pren-</span> 
     </span>
     <span class='ocr_line' id='line_1_36' title="bbox 94 3487 1799 3566; baseline -0.002 -18"><span class='ocrx_word' id='word_1_473' title='bbox 94 3491 176 3548; x_wconf 92' lang='lat' dir='ltr'>enim</span> <span class='ocrx_word' id='word_1_474' title='bbox 189 3508 276 3549; x_wconf 91' lang='lat' dir='ltr'>suum</span> <span class='ocrx_word' id='word_1_475' title='bbox 293 3491 508 3566; x_wconf 86' lang='lat' dir='ltr'>particulariter</span> <span class='ocrx_word' id='word_1_476' title='bbox 522 3491 678 3548; x_wconf 89' lang='lat' dir='ltr'>Dominum</span> <span class='ocrx_word' id='word_1_477' title='bbox 690 3491 807 3560; x_wconf 85' lang='lat' dir='ltr'>diecret,</span> <span class='ocrx_word' id='word_1_478' title='bbox 820 3489 921 3562; x_wconf 79' lang='lat' dir='ltr'>quinio</span> <span class='ocrx_word' id='word_1_479' title='bbox 975 3495 1093 3552; x_wconf 75' lang='lat' dir='ltr'>uidistis</span> <span class='ocrx_word' id='word_1_480' title='bbox 1108 3507 1196 3549; x_wconf 84' lang='lat' dir='ltr'>nune.</span> <span class='ocrx_word' id='word_1_481' title='bbox 1215 3513 1228 3540; x_wconf 88' lang='grc' dir='ltr'>ι</span> <span class='ocrx_word' id='word_1_482' title='bbox 1244 3490 1320 3546; x_wconf 80' lang='lat' dir='ltr'>Bene</span> <span class='ocrx_word' id='word_1_483' title='bbox 1335 3489 1445 3559; x_wconf 79' lang='lat' dir='ltr'>afferte,</span> <span class='ocrx_word' id='word_1_484' title='bbox 1475 3487 1582 3561; x_wconf 87' lang='lat' dir='ltr'>inquit,</span> <span class='ocrx_word' id='word_1_485' title='bbox 1609 3488 1644 3546; x_wconf 90' lang='lat' dir='ltr'>da</span> <span class='ocrx_word' id='word_1_486' title='bbox 1668 3487 1799 3562; x_wconf 86' lang='lat' dir='ltr'>piscibus</span> 
     </span>
     <span class='ocr_line' id='line_1_37' title="bbox 94 3577 1801 3656; baseline -0.002 -18"><span class='ocrx_word' id='word_1_487' title='bbox 94 3582 125 3638; x_wconf 92' lang='lat' dir='ltr'>in</span> <span class='ocrx_word' id='word_1_488' title='bbox 141 3582 366 3656; x_wconf 80' lang='lat' dir='ltr'>presentarium</span> <span class='ocrx_word' id='word_1_489' title='bbox 383 3581 479 3656; x_wconf 89' lang='lat' dir='ltr'>pulum</span> <span class='ocrx_word' id='word_1_490' title='bbox 496 3583 611 3653; x_wconf 88' lang='lat' dir='ltr'>lecerat,</span> <span class='ocrx_word' id='word_1_491' title='bbox 628 3581 806 3654; x_wconf 86' lang='lat' dir='ltr'>quodetiam</span> <span class='ocrx_word' id='word_1_492' title='bbox 830 3580 922 3638; x_wconf 89' lang='lat' dir='ltr'>maris</span> <span class='ocrx_word' id='word_1_493' title='bbox 975 3600 1049 3656; x_wconf 90' lang='lat' dir='ltr'>quos</span> <span class='ocrx_word' id='word_1_494' title='bbox 1063 3577 1253 3656; x_wconf 89' lang='lat' dir='ltr'>prendidistis</span> <span class='ocrx_word' id='word_1_495' title='bbox 1267 3595 1356 3636; x_wconf 90' lang='lat' dir='ltr'>nune.</span> <span class='ocrx_word' id='word_1_496' title='bbox 1369 3577 1524 3635; x_wconf 78' lang='lat' dir='ltr'>Advocabit</span> <span class='ocrx_word' id='word_1_497' title='bbox 1539 3577 1619 3637; x_wconf 90' lang='lat' dir='ltr'>euim</span> <span class='ocrx_word' id='word_1_498' title='bbox 1637 3578 1743 3636; x_wconf 86' lang='lat' dir='ltr'>coslum</span> <span class='ocrx_word' id='word_1_499' title='bbox 1763 3578 1801 3635; x_wconf 93' lang='lat' dir='ltr'>de</span> 
     </span>
     <span class='ocr_line' id='line_1_38' title="bbox 92 3667 1797 3741; baseline -0.001 -15"><span class='ocrx_word' id='word_1_500' title='bbox 92 3670 237 3728; x_wconf 87' lang='lat' dir='ltr'>Dominus</span> <span class='ocrx_word' id='word_1_501' title='bbox 254 3673 339 3728; x_wconf 85' lang='lat' dir='ltr'>esset.</span> <span class='ocrx_word' id='word_1_502' title='bbox 358 3672 420 3728; x_wconf 88' lang='lat' dir='ltr'>lma</span> <span class='ocrx_word' id='word_1_503' title='bbox 436 3672 578 3727; x_wconf 85' lang='lat' dir='ltr'>etetundo</span> <span class='ocrx_word' id='word_1_504' title='bbox 591 3670 620 3726; x_wconf 93' lang='lat' dir='ltr'>in</span> <span class='ocrx_word' id='word_1_505' title='bbox 631 3669 862 3728; x_wconf 83' lang='lat' dir='ltr'>immortalitatis</span> <span class='ocrx_word' id='word_1_506' title='bbox 874 3669 921 3726; x_wconf 89' lang='lat' dir='ltr'>lit·</span> <span class='ocrx_word' id='word_1_507' title='bbox 974 3687 1104 3740; x_wconf 87' lang='lat' dir='ltr'>sursum,</span> <span class='ocrx_word' id='word_1_508' title='bbox 1122 3675 1150 3727; x_wconf 88' lang='lat' dir='ltr'>et</span> <span class='ocrx_word' id='word_1_509' title='bbox 1163 3675 1273 3728; x_wconf 87' lang='lat' dir='ltr'>terram</span> <span class='ocrx_word' id='word_1_510' title='bbox 1288 3668 1454 3726; x_wconf 86' lang='lat' dir='ltr'>discernere</span> <span class='ocrx_word' id='word_1_511' title='bbox 1469 3667 1610 3741; x_wconf 92' lang='lat' dir='ltr'>populum</span> <span class='ocrx_word' id='word_1_512' title='bbox 1621 3684 1797 3741; x_wconf 86' lang='lat' dir='ltr'>suum,con·</span> 
     </span>
     <span class='ocr_line' id='line_1_39' title="bbox 92 3755 1796 3835; baseline -0.001 -18"><span class='ocrx_word' id='word_1_513' title='bbox 92 3765 156 3818; x_wconf 88' lang='lat' dir='ltr'>tore</span> <span class='ocrx_word' id='word_1_514' title='bbox 171 3761 355 3834; x_wconf 84' lang='lat' dir='ltr'>probaverat,</span> <span class='ocrx_word' id='word_1_515' title='bbox 371 3759 451 3831; x_wconf 90' lang='lat' dir='ltr'>quod</span> <span class='ocrx_word' id='word_1_516' title='bbox 465 3761 567 3816; x_wconf 90' lang='lat' dir='ltr'>mortis</span> <span class='ocrx_word' id='word_1_517' title='bbox 577 3759 680 3829; x_wconf 89' lang='lat' dir='ltr'>victor,</span> <span class='ocrx_word' id='word_1_518' title='bbox 695 3763 723 3816; x_wconf 90' lang='lat' dir='ltr'>et</span> <span class='ocrx_word' id='word_1_519' title='bbox 734 3757 814 3817; x_wconf 80' lang='lat' dir='ltr'>victe</span> <span class='ocrx_word' id='word_1_520' title='bbox 825 3759 921 3816; x_wconf 90' lang='lat' dir='ltr'>domi·</span> <span class='ocrx_word' id='word_1_521' title='bbox 974 3776 1094 3835; x_wconf 88' lang='lat' dir='ltr'>gregare</span> <span class='ocrx_word' id='word_1_522' title='bbox 1102 3758 1144 3815; x_wconf 94' lang='lat' dir='ltr'>illi</span> <span class='ocrx_word' id='word_1_523' title='bbox 1156 3761 1275 3815; x_wconf 85' lang='lat' dir='ltr'>senatos</span> <span class='ocrx_word' id='word_1_524' title='bbox 1288 3757 1364 3829; x_wconf 83' lang='lat' dir='ltr'>ejus,</span> <span class='ocrx_word' id='word_1_525' title='bbox 1375 3755 1427 3829; x_wconf 91' lang='lat' dir='ltr'>qui</span> <span class='ocrx_word' id='word_1_526' title='bbox 1439 3755 1576 3812; x_wconf 89' lang='lat' dir='ltr'>ordinant</span> <span class='ocrx_word' id='word_1_527' title='bbox 1587 3758 1796 3816; x_wconf 87' lang='lat' dir='ltr'>testamentum</span> 
     </span>
     <span class='ocr_line' id='line_1_40' title="bbox 98 3843 1798 3921; baseline -0.002 -15"><span class='ocrx_word' id='word_1_528' title='bbox 98 3855 186 3906; x_wconf 88' lang='lat' dir='ltr'>nator</span> <span class='ocrx_word' id='word_1_529' title='bbox 200 3849 346 3907; x_wconf 88' lang='lat' dir='ltr'>existeret.</span> <span class='ocrx_word' id='word_1_530' title='bbox 974 3850 1038 3921; x_wconf 72' lang='lat' dir='ltr'>eius</span> <span class='ocrx_word' id='word_1_531' title='bbox 1052 3864 1140 3921; x_wconf 84' lang='lat' dir='ltr'>super</span> <span class='ocrx_word' id='word_1_532' title='bbox 1155 3845 1299 3904; x_wconf 88' lang='lat' dir='ltr'>sucritlcie</span> <span class='ocrx_word' id='word_1_533' title='bbox 1315 3843 1402 3918; x_wconf 75' lang='lat' dir='ltr'>(l&#39;aut⁴</span> <span class='ocrx_word' id='word_1_534' title='bbox 1419 3844 1505 3915; x_wconf 79' lang='lat' dir='ltr'>xcix).</span> <span class='ocrx_word' id='word_1_535' title='bbox 1523 3867 1538 3896; x_wconf 84' lang='grc' dir='ltr'>ιι</span> <span class='ocrx_word' id='word_1_536' title='bbox 1552 3845 1675 3910; x_wconf 84' lang='lat' dir='ltr'>Quinam</span> <span class='ocrx_word' id='word_1_537' title='bbox 1688 3846 1798 3902; x_wconf 88' lang='lat' dir='ltr'>euntbi</span> 
     </span>
     <span class='ocr_line' id='line_1_41' title="bbox 129 3933 1797 4011; baseline 0.001 -21"><span class='ocrx_word' id='word_1_538' title='bbox 129 3963 143 3990; x_wconf 93' lang='grc' dir='ltr'>ιι</span> <span class='ocrx_word' id='word_1_539' title='bbox 161 3939 264 3996; x_wconf 79' lang='lat' dir='ltr'>simon</span> <span class='ocrx_word' id='word_1_540' title='bbox 279 3937 393 4008; x_wconf 88' lang='lat' dir='ltr'>Petrus,</span> <span class='ocrx_word' id='word_1_541' title='bbox 409 3954 476 3995; x_wconf 88' lang='lat' dir='ltr'>curn</span> <span class='ocrx_word' id='word_1_542' title='bbox 488 3937 621 3995; x_wconf 86' lang='lat' dir='ltr'>audisset</span> <span class='ocrx_word' id='word_1_543' title='bbox 632 3937 702 4010; x_wconf 86' lang='lat' dir='ltr'>quia</span> <span class='ocrx_word' id='word_1_544' title='bbox 712 3937 853 3994; x_wconf 89' lang='lat' dir='ltr'>Dominus</span> <span class='ocrx_word' id='word_1_545' title='bbox 864 3941 919 4008; x_wconf 88' lang='lat' dir='ltr'>est,</span> <span class='ocrx_word' id='word_1_546' title='bbox 973 3938 1081 4011; x_wconf 87' lang='lat' dir='ltr'>quibus</span> <span class='ocrx_word' id='word_1_547' title='bbox 1096 3937 1150 3993; x_wconf 91' lang='lat' dir='ltr'>boc</span> <span class='ocrx_word' id='word_1_548' title='bbox 1162 3935 1248 4007; x_wconf 84' lang='lat' dir='ltr'>juxte</span> <span class='ocrx_word' id='word_1_549' title='bbox 1263 3933 1447 3990; x_wconf 85' lang='lat' dir='ltr'>Pselrnistam</span> <span class='ocrx_word' id='word_1_550' title='bbox 1466 3933 1645 4006; x_wconf 68' lang='lat' dir='ltr'>precipuus,</span> <span class='ocrx_word' id='word_1_551' title='bbox 1659 3933 1715 3992; x_wconf 85' lang='lat' dir='ltr'>nisi</span> <span class='ocrx_word' id='word_1_552' title='bbox 1726 3951 1797 4007; x_wconf 88' lang='lat' dir='ltr'>epo-</span> 
     </span>
     <span class='ocr_line' id='line_1_42' title="bbox 99 4021 1796 4098; baseline -0.002 -15"><span class='ocrx_word' id='word_1_553' title='bbox 99 4027 201 4083; x_wconf 89' lang='lat' dir='ltr'>tunica</span> <span class='ocrx_word' id='word_1_554' title='bbox 217 4026 360 4085; x_wconf 85' lang='lat' dir='ltr'>succinxit</span> <span class='ocrx_word' id='word_1_555' title='bbox 374 4043 415 4094; x_wconf 88' lang='lat' dir='ltr'>so,</span> <span class='ocrx_word' id='word_1_556' title='bbox 432 4031 494 4084; x_wconf 90' lang='lat' dir='ltr'>crat</span> <span class='ocrx_word' id='word_1_557' title='bbox 510 4026 586 4083; x_wconf 93' lang='lat' dir='ltr'>euim</span> <span class='ocrx_word' id='word_1_558' title='bbox 600 4027 708 4098; x_wconf 87' lang='lat' dir='ltr'>nudus,</span> <span class='ocrx_word' id='word_1_559' title='bbox 719 4031 747 4084; x_wconf 91' lang='lat' dir='ltr'>et</span> <span class='ocrx_word' id='word_1_560' title='bbox 759 4025 920 4083; x_wconf 86' lang='lat' dir='ltr'>misiteein</span> <span class='ocrx_word' id='word_1_561' title='bbox 973 4026 1041 4084; x_wconf 89' lang='lat' dir='ltr'>stoli</span> <span class='ocrx_word' id='word_1_562' title='bbox 1056 4025 1100 4082; x_wconf 90' lang='lat' dir='ltr'>vel</span> <span class='ocrx_word' id='word_1_563' title='bbox 1116 4022 1320 4097; x_wconf 79' lang='lat' dir='ltr'>predicatores</span> <span class='ocrx_word' id='word_1_564' title='bbox 1336 4021 1439 4091; x_wconf 84' lang='lat' dir='ltr'>sancti,</span> <span class='ocrx_word' id='word_1_565' title='bbox 1454 4037 1582 4094; x_wconf 92' lang='lat' dir='ltr'>quorum</span> <span class='ocrx_word' id='word_1_566' title='bbox 1597 4023 1674 4080; x_wconf 69' lang='lat' dir='ltr'>nti</span> <span class='ocrx_word' id='word_1_567' title='bbox 1699 4041 1796 4080; x_wconf 92' lang='lat' dir='ltr'>unus-</span> 
     </span>
     <span class='ocr_line' id='line_1_43' title="bbox 94 4110 1796 4190; baseline -0.001 -18"><span class='ocrx_word' id='word_1_568' title='bbox 94 4133 187 4174; x_wconf 89' lang='lat' dir='ltr'>mare.</span> <span class='ocrx_word' id='word_1_569' title='bbox 206 4137 218 4168; x_wconf 90' lang='grc' dir='ltr'>ι</span> <span class='ocrx_word' id='word_1_570' title='bbox 233 4115 295 4172; x_wconf 84' lang='grc' dir='ltr'>Νοε</span> <span class='ocrx_word' id='word_1_571' title='bbox 312 4115 373 4187; x_wconf 91' lang='lat' dir='ltr'>ipsc</span> <span class='ocrx_word' id='word_1_572' title='bbox 388 4115 511 4172; x_wconf 87' lang='lat' dir='ltr'>dilectus</span> <span class='ocrx_word' id='word_1_573' title='bbox 526 4115 698 4188; x_wconf 89' lang='lat' dir='ltr'>discipulus,</span> <span class='ocrx_word' id='word_1_574' title='bbox 715 4115 766 4187; x_wconf 90' lang='lat' dir='ltr'>qui</span> <span class='ocrx_word' id='word_1_575' title='bbox 788 4115 918 4172; x_wconf 82' lang='lat' dir='ltr'>dixerat:</span> <span class='ocrx_word' id='word_1_576' title='bbox 973 4116 1098 4190; x_wconf 87' lang='lat' dir='ltr'>quisque</span> <span class='ocrx_word' id='word_1_577' title='bbox 1111 4110 1323 4184; x_wconf 78' lang='lat' dir='ltr'>eterncjudioi</span> <span class='ocrx_word' id='word_1_578' title='bbox 1339 4110 1535 4184; x_wconf 80' lang='lat' dir='ltr'>praesentabit,</span> <span class='ocrx_word' id='word_1_579' title='bbox 1552 4117 1796 4186; x_wconf 88' lang='lat' dir='ltr'>quantoscunque</span> 
     </span>
     <span class='ocr_line' id='line_1_44' title="bbox 93 4197 1795 4278; baseline -0.003 -16"><span class='ocrx_word' id='word_1_580' title='bbox 93 4227 107 4257; x_wconf 90' lang='grc' dir='ltr'>ιι</span> <span class='ocrx_word' id='word_1_581' title='bbox 125 4204 270 4262; x_wconf 89' lang='lat' dir='ltr'>Dominus</span> <span class='ocrx_word' id='word_1_582' title='bbox 285 4209 329 4261; x_wconf 87' lang='lat' dir='ltr'>est</span> <span class='ocrx_word' id='word_1_583' title='bbox 345 4229 359 4254; x_wconf 86' lang='grc' dir='ltr'>ιι</span> <span class='ocrx_word' id='word_1_584' title='bbox 375 4204 426 4261; x_wconf 94' lang='lat' dir='ltr'>sed</span> <span class='ocrx_word' id='word_1_585' title='bbox 442 4203 546 4260; x_wconf 85' lang='lat' dir='ltr'>Petrus</span> <span class='ocrx_word' id='word_1_586' title='bbox 566 4204 616 4276; x_wconf 87' lang='lat' dir='ltr'>qui</span> <span class='ocrx_word' id='word_1_587' title='bbox 638 4204 764 4262; x_wconf 88' lang='lat' dir='ltr'>habebat</span> <span class='ocrx_word' id='word_1_588' title='bbox 789 4203 867 4278; x_wconf 92' lang='lat' dir='ltr'>cingi</span> <span class='ocrx_word' id='word_1_589' title='bbox 892 4205 921 4260; x_wconf 93' lang='lat' dir='ltr'>et</span> <span class='ocrx_word' id='word_1_590' title='bbox 973 4207 1008 4262; x_wconf 92' lang='lat' dir='ltr'>de</span> <span class='ocrx_word' id='word_1_591' title='bbox 1022 4204 1120 4260; x_wconf 87' lang='lat' dir='ltr'>labore</span> <span class='ocrx_word' id='word_1_592' title='bbox 1135 4218 1184 4258; x_wconf 81' lang='lat' dir='ltr'>suo</span> <span class='ocrx_word' id='word_1_593' title='bbox 1199 4201 1290 4257; x_wconf 86' lang='lat' dir='ltr'>bonos</span> <span class='ocrx_word' id='word_1_594' title='bbox 1306 4201 1402 4272; x_wconf 89' lang='lat' dir='ltr'>pisces</span> <span class='ocrx_word' id='word_1_595' title='bbox 1417 4197 1597 4272; x_wconf 77' lang='lat' dir='ltr'>acquisivit?</span> <span class='ocrx_word' id='word_1_596' title='bbox 1625 4222 1640 4252; x_wconf 93' lang='grc' dir='ltr'>ιι</span> <span class='ocrx_word' id='word_1_597' title='bbox 1656 4201 1795 4260; x_wconf 78' lang='lat' dir='ltr'>ascendit</span> 
     </span>
     <span class='ocr_line' id='line_1_45' title="bbox 93 4287 1800 4366; baseline -0.001 -16"><span class='ocrx_word' id='word_1_598' title='bbox 93 4294 163 4350; x_wconf 92' lang='lat' dir='ltr'>duci</span> <span class='ocrx_word' id='word_1_599' title='bbox 178 4311 237 4366; x_wconf 91' lang='lat' dir='ltr'>quo</span> <span class='ocrx_word' id='word_1_600' title='bbox 253 4293 354 4363; x_wconf 83' lang='lat' dir='ltr'>nollet,</span> <span class='ocrx_word' id='word_1_601' title='bbox 371 4315 384 4344; x_wconf 88' lang='grc' dir='ltr'>ιι</span> <span class='ocrx_word' id='word_1_602' title='bbox 402 4293 655 4351; x_wconf 87' lang='lat' dir='ltr'>tunicosucciuxit</span> <span class='ocrx_word' id='word_1_603' title='bbox 665 4310 706 4364; x_wconf 86' lang='lat' dir='ltr'>es,</span> <span class='ocrx_word' id='word_1_604' title='bbox 718 4297 746 4350; x_wconf 91' lang='lat' dir='ltr'>ct</span> <span class='ocrx_word' id='word_1_605' title='bbox 754 4293 834 4350; x_wconf 87' lang='lat' dir='ltr'>misit</span> <span class='ocrx_word' id='word_1_606' title='bbox 844 4309 875 4350; x_wconf 89' lang='lat' dir='ltr'>so</span> <span class='ocrx_word' id='word_1_607' title='bbox 889 4294 918 4349; x_wconf 91' lang='lat' dir='ltr'>in</span> <span class='ocrx_word' id='word_1_608' title='bbox 973 4293 1074 4351; x_wconf 87' lang='lat' dir='ltr'>Simon</span> <span class='ocrx_word' id='word_1_609' title='bbox 1089 4291 1206 4355; x_wconf 86' lang='lat' dir='ltr'>Petrus,</span> <span class='ocrx_word' id='word_1_610' title='bbox 1218 4294 1246 4347; x_wconf 92' lang='lat' dir='ltr'>et</span> <span class='ocrx_word' id='word_1_611' title='bbox 1258 4290 1342 4346; x_wconf 84' lang='lat' dir='ltr'>traxit</span> <span class='ocrx_word' id='word_1_612' title='bbox 1352 4291 1412 4345; x_wconf 91' lang='lat' dir='ltr'>rete</span> <span class='ocrx_word' id='word_1_613' title='bbox 1423 4287 1452 4344; x_wconf 92' lang='lat' dir='ltr'>iu</span> <span class='ocrx_word' id='word_1_614' title='bbox 1465 4294 1583 4360; x_wconf 87' lang='lat' dir='ltr'>terrem,</span> <span class='ocrx_word' id='word_1_615' title='bbox 1602 4293 1722 4364; x_wconf 91' lang='lat' dir='ltr'>pienum</span> <span class='ocrx_word' id='word_1_616' title='bbox 1740 4307 1800 4348; x_wconf 88' lang='lat' dir='ltr'>ma·</span> 
     </span>
     <span class='ocr_line' id='line_1_46' title="bbox 94 4377 1795 4456; baseline -0.001 -16"><span class='ocrx_word' id='word_1_617' title='bbox 94 4401 186 4442; x_wconf 87' lang='lat' dir='ltr'>mare.</span> <span class='ocrx_word' id='word_1_618' title='bbox 203 4405 217 4434; x_wconf 79' lang='lat' dir='ltr'>u</span> <span class='ocrx_word' id='word_1_619' title='bbox 232 4383 308 4441; x_wconf 87' lang='lat' dir='ltr'>Olim</span> <span class='ocrx_word' id='word_1_620' title='bbox 325 4383 447 4440; x_wconf 87' lang='lat' dir='ltr'>miserat</span> <span class='ocrx_word' id='word_1_621' title='bbox 461 4400 491 4439; x_wconf 93' lang='lat' dir='ltr'>sc</span> <span class='ocrx_word' id='word_1_622' title='bbox 507 4383 538 4439; x_wconf 94' lang='lat' dir='ltr'>iu</span> <span class='ocrx_word' id='word_1_623' title='bbox 554 4401 644 4451; x_wconf 75' lang='lat' dir='ltr'>marr,</span> <span class='ocrx_word' id='word_1_624' title='bbox 669 4390 697 4440; x_wconf 90' lang='lat' dir='ltr'>et</span> <span class='ocrx_word' id='word_1_625' title='bbox 722 4381 920 4440; x_wconf 88' lang='lat' dir='ltr'>ambulaverat</span> <span class='ocrx_word' id='word_1_626' title='bbox 972 4381 1038 4456; x_wconf 88' lang='lat' dir='ltr'>gnis</span> <span class='ocrx_word' id='word_1_627' title='bbox 1053 4379 1194 4456; x_wconf 86' lang='lat' dir='ltr'>piscibus,</span> <span class='ocrx_word' id='word_1_628' title='bbox 1210 4383 1326 4436; x_wconf 91' lang='lat' dir='ltr'>centum</span> <span class='ocrx_word' id='word_1_629' title='bbox 1343 4377 1559 4451; x_wconf 86' lang='lat' dir='ltr'>quinquaginta</span> <span class='ocrx_word' id='word_1_630' title='bbox 1570 4379 1675 4436; x_wconf 82' lang='lat' dir='ltr'>tribus.</span> <span class='ocrx_word' id='word_1_631' title='bbox 1693 4401 1707 4430; x_wconf 92' lang='grc' dir='ltr'>ιι</span> <span class='ocrx_word' id='word_1_632' title='bbox 1722 4379 1795 4438; x_wconf 85' lang='lat' dir='ltr'>Cum</span> 
     </span>
     <span class='ocr_line' id='line_1_47' title="bbox 92 4467 1798 4548; baseline 0.001 -21"><span class='ocrx_word' id='word_1_633' title='bbox 92 4487 182 4544; x_wconf 90' lang='lat' dir='ltr'>super</span> <span class='ocrx_word' id='word_1_634' title='bbox 199 4487 299 4542; x_wconf 85' lang='lat' dir='ltr'>aquas,</span> <span class='ocrx_word' id='word_1_635' title='bbox 317 4475 349 4526; x_wconf 91' lang='lat' dir='ltr'>ut</span> <span class='ocrx_word' id='word_1_636' title='bbox 364 4470 512 4527; x_wconf 84' lang='lat' dir='ltr'>adveniret</span> <span class='ocrx_word' id='word_1_637' title='bbox 526 4470 562 4526; x_wconf 91' lang='lat' dir='ltr'>ad</span> <span class='ocrx_word' id='word_1_638' title='bbox 586 4470 688 4526; x_wconf 81' lang='lat' dir='ltr'>lesum</span> <span class='ocrx_word' id='word_1_639' title='bbox 713 4486 802 4542; x_wconf 89' lang='lat' dir='ltr'>super</span> <span class='ocrx_word' id='word_1_640' title='bbox 826 4486 919 4542; x_wconf 87' lang='lat' dir='ltr'>aquas</span> <span class='ocrx_word' id='word_1_641' title='bbox 973 4491 1063 4548; x_wconf 87' lang='lat' dir='ltr'>supra</span> <span class='ocrx_word' id='word_1_642' title='bbox 1077 4472 1186 4530; x_wconf 89' lang='lat' dir='ltr'>dictum</span> <span class='ocrx_word' id='word_1_643' title='bbox 1202 4469 1238 4527; x_wconf 89' lang='lat' dir='ltr'>sit</span> <span class='ocrx_word' id='word_1_644' title='bbox 1254 4470 1289 4527; x_wconf 90' lang='lat' dir='ltr'>de</span> <span class='ocrx_word' id='word_1_645' title='bbox 1301 4473 1414 4543; x_wconf 87' lang='lat' dir='ltr'>septam</span> <span class='ocrx_word' id='word_1_646' title='bbox 1431 4467 1605 4542; x_wconf 89' lang='lat' dir='ltr'>discipulis:</span> <span class='ocrx_word' id='word_1_647' title='bbox 1621 4492 1635 4522; x_wconf 91' lang='grc' dir='ltr'>ιι</span> <span class='ocrx_word' id='word_1_648' title='bbox 1656 4471 1798 4529; x_wconf 81' lang='lat' dir='ltr'>Miserunt</span> 
     </span>
     <span class='ocr_line' id='line_1_48' title="bbox 91 4550 1797 4636; baseline 0.001 -20"><span class='ocrx_word' id='word_1_649' title='bbox 91 4558 294 4618; x_wconf 86' lang='lat' dir='ltr'>ambulantem</span> <span class='ocrx_word' id='word_1_650' title='bbox 315 4558 422 4631; x_wconf 88' lang='lat' dir='ltr'>solum,</span> <span class='ocrx_word' id='word_1_651' title='bbox 446 4560 495 4616; x_wconf 89' lang='lat' dir='ltr'>scd</span> <span class='ocrx_word' id='word_1_652' title='bbox 518 4558 620 4616; x_wconf 83' lang='lat' dir='ltr'>videns</span> <span class='ocrx_word' id='word_1_653' title='bbox 645 4563 764 4616; x_wconf 91' lang='lat' dir='ltr'>ventum</span> <span class='ocrx_word' id='word_1_654' title='bbox 788 4559 917 4616; x_wconf 88' lang='lat' dir='ltr'>validum</span> <span class='ocrx_word' id='word_1_655' title='bbox 933 4550 959 4616; x_wconf 88' lang='lat' dir='ltr'>D</span> <span class='ocrx_word' id='word_1_656' title='bbox 974 4579 1053 4636; x_wconf 89' lang='lat' dir='ltr'>ergo,</span> <span class='ocrx_word' id='word_1_657' title='bbox 1069 4562 1171 4636; x_wconf 82' lang='lat' dir='ltr'>etjam</span> <span class='ocrx_word' id='word_1_658' title='bbox 1187 4575 1244 4616; x_wconf 91' lang='lat' dir='ltr'>uon</span> <span class='ocrx_word' id='word_1_659' title='bbox 1256 4556 1410 4616; x_wconf 88' lang='lat' dir='ltr'>valuerunt</span> <span class='ocrx_word' id='word_1_660' title='bbox 1421 4559 1534 4616; x_wconf 86' lang='lat' dir='ltr'>trabere</span> <span class='ocrx_word' id='word_1_661' title='bbox 1544 4558 1616 4617; x_wconf 91' lang='lat' dir='ltr'>illud</span> <span class='ocrx_word' id='word_1_662' title='bbox 1632 4577 1688 4634; x_wconf 82' lang='lat' dir='ltr'>pre</span> <span class='ocrx_word' id='word_1_663' title='bbox 1698 4559 1797 4618; x_wconf 89' lang='lat' dir='ltr'>multi·</span> 
     </span>
    </p>
   </div>
   <div class='ocr_carea' id='block_1_3' title="bbox 90 4647 922 5706">
    <p class='ocr_par' dir='ltr' id='par_1_3' title="bbox 90 4647 922 5706">
     <span class='ocr_line' id='line_1_49' title="bbox 92 4647 919 4722; baseline -0.001 -17"><span class='ocrx_word' id='word_1_664' title='bbox 92 4649 271 4717; x_wconf 91' lang='lat' dir='ltr'>venientem,</span> <span class='ocrx_word' id='word_1_665' title='bbox 287 4647 395 4720; x_wconf 89' lang='lat' dir='ltr'>timuit,</span> <span class='ocrx_word' id='word_1_666' title='bbox 412 4652 440 4704; x_wconf 92' lang='lat' dir='ltr'>et</span> <span class='ocrx_word' id='word_1_667' title='bbox 455 4647 484 4704; x_wconf 93' lang='lat' dir='ltr'>in</span> <span class='ocrx_word' id='word_1_668' title='bbox 500 4649 564 4722; x_wconf 89' lang='lat' dir='ltr'>ipso</span> <span class='ocrx_word' id='word_1_669' title='bbox 583 4649 686 4706; x_wconf 90' lang='lat' dir='ltr'>timore</span> <span class='ocrx_word' id='word_1_670' title='bbox 702 4665 756 4706; x_wconf 88' lang='lat' dir='ltr'>suo</span> <span class='ocrx_word' id='word_1_671' title='bbox 767 4665 840 4721; x_wconf 91' lang='lat' dir='ltr'>pene</span> <span class='ocrx_word' id='word_1_672' title='bbox 852 4647 919 4706; x_wconf 85' lang='lat' dir='ltr'>eub-</span> 
     </span>
     <span class='ocr_line' id='line_1_50' title="bbox 91 4737 918 4805; baseline -0.005 -9"><span class='ocrx_word' id='word_1_673' title='bbox 91 4755 206 4796; x_wconf 85' lang='lat' dir='ltr'>mersus</span> <span class='ocrx_word' id='word_1_674' title='bbox 225 4741 279 4794; x_wconf 88' lang='lat' dir='ltr'>eet.</span> <span class='ocrx_word' id='word_1_675' title='bbox 295 4737 379 4794; x_wconf 86' lang='lat' dir='ltr'>Nunc</span> <span class='ocrx_word' id='word_1_676' title='bbox 395 4742 492 4795; x_wconf 88' lang='lat' dir='ltr'>nutem</span> <span class='ocrx_word' id='word_1_677' title='bbox 508 4741 604 4794; x_wconf 85' lang='lat' dir='ltr'>stante</span> <span class='ocrx_word' id='word_1_678' title='bbox 622 4738 745 4794; x_wconf 91' lang='lat' dir='ltr'>Domino</span> <span class='ocrx_word' id='word_1_679' title='bbox 761 4738 789 4794; x_wconf 91' lang='lat' dir='ltr'>iu</span> <span class='ocrx_word' id='word_1_680' title='bbox 808 4738 918 4805; x_wconf 85' lang='lat' dir='ltr'>littore,</span> 
     </span>
     <span class='ocr_line' id='line_1_51' title="bbox 92 4825 920 4900; baseline -0.005 -16"><span class='ocrx_word' id='word_1_681' title='bbox 92 4832 198 4900; x_wconf 86' lang='lat' dir='ltr'>sponte</span> <span class='ocrx_word' id='word_1_682' title='bbox 213 4843 245 4884; x_wconf 91' lang='lat' dir='ltr'>se</span> <span class='ocrx_word' id='word_1_683' title='bbox 259 4827 335 4883; x_wconf 88' lang='lat' dir='ltr'>idam</span> <span class='ocrx_word' id='word_1_684' title='bbox 353 4826 443 4882; x_wconf 93' lang='lat' dir='ltr'>mittit</span> <span class='ocrx_word' id='word_1_685' title='bbox 457 4825 488 4882; x_wconf 95' lang='lat' dir='ltr'>in</span> <span class='ocrx_word' id='word_1_686' title='bbox 504 4841 594 4897; x_wconf 88' lang='lat' dir='ltr'>mare,</span> <span class='ocrx_word' id='word_1_687' title='bbox 611 4830 640 4882; x_wconf 88' lang='lat' dir='ltr'>et</span> <span class='ocrx_word' id='word_1_688' title='bbox 655 4843 710 4883; x_wconf 91' lang='lat' dir='ltr'>non</span> <span class='ocrx_word' id='word_1_689' title='bbox 727 4825 820 4896; x_wconf 89' lang='lat' dir='ltr'>timet,</span> <span class='ocrx_word' id='word_1_690' title='bbox 833 4825 920 4882; x_wconf 92' lang='lat' dir='ltr'>nibil·</span> 
     </span>
     <span class='ocr_line' id='line_1_52' title="bbox 92 4913 920 4989; baseline -0.002 -16"><span class='ocrx_word' id='word_1_691' title='bbox 92 4932 151 4989; x_wconf 89' lang='lat' dir='ltr'>que</span> <span class='ocrx_word' id='word_1_692' title='bbox 165 4915 287 4988; x_wconf 90' lang='lat' dir='ltr'>periculi</span> <span class='ocrx_word' id='word_1_693' title='bbox 301 4931 405 4988; x_wconf 87' lang='lat' dir='ltr'>passus</span> <span class='ocrx_word' id='word_1_694' title='bbox 416 4919 471 4971; x_wconf 87' lang='lat' dir='ltr'>eat.</span> <span class='ocrx_word' id='word_1_695' title='bbox 484 4913 556 4980; x_wconf 86' lang='lat' dir='ltr'>Quid</span> <span class='ocrx_word' id='word_1_696' title='bbox 569 4919 614 4971; x_wconf 84' lang='lat' dir='ltr'>eet</span> <span class='ocrx_word' id='word_1_697' title='bbox 625 4914 691 4983; x_wconf 86' lang='lat' dir='ltr'>boo,</span> <span class='ocrx_word' id='word_1_698' title='bbox 701 4914 756 4971; x_wconf 82' lang='lat' dir='ltr'>nisi</span> <span class='ocrx_word' id='word_1_699' title='bbox 767 4915 837 4988; x_wconf 89' lang='lat' dir='ltr'>quia</span> <span class='ocrx_word' id='word_1_700' title='bbox 848 4917 920 4972; x_wconf 89' lang='lat' dir='ltr'>tem·</span> 
     </span>
     <span class='ocr_line' id='line_1_53' title="bbox 91 5003 919 5080; baseline -0.005 -16"><span class='ocrx_word' id='word_1_701' title='bbox 91 5005 430 5080; x_wconf 81' lang='lat' dir='ltr'>pestatetudaicaquam</span> <span class='ocrx_word' id='word_1_702' title='bbox 439 5003 919 5079; x_wconf 86' lang='lat' dir='ltr'>Dominussuperambulansvicit,</span> 
     </span>
     <span class='ocr_line' id='line_1_54' title="bbox 91 5096 920 5169; baseline -0.002 -15"><span class='ocrx_word' id='word_1_703' title='bbox 91 5100 197 5154; x_wconf 84' lang='lat' dir='ltr'>Petrus</span> <span class='ocrx_word' id='word_1_704' title='bbox 212 5101 374 5169; x_wconf 81' lang='lat' dir='ltr'>negaturus</span> <span class='ocrx_word' id='word_1_705' title='bbox 390 5098 462 5160; x_wconf 90' lang='lat' dir='ltr'>oret,</span> <span class='ocrx_word' id='word_1_706' title='bbox 478 5097 583 5153; x_wconf 91' lang='lat' dir='ltr'>timore</span> <span class='ocrx_word' id='word_1_707' title='bbox 599 5096 714 5165; x_wconf 90' lang='lat' dir='ltr'>mortis,</span> <span class='ocrx_word' id='word_1_708' title='bbox 728 5099 755 5154; x_wconf 86' lang='lat' dir='ltr'>ct</span> <span class='ocrx_word' id='word_1_709' title='bbox 771 5113 849 5153; x_wconf 91' lang='lat' dir='ltr'>nunc</span> <span class='ocrx_word' id='word_1_710' title='bbox 865 5097 920 5152; x_wconf 88' lang='lat' dir='ltr'>lor·</span> 
     </span>
     <span class='ocr_line' id='line_1_55' title="bbox 90 5184 916 5260; baseline -0.004 -16"><span class='ocrx_word' id='word_1_711' title='bbox 90 5187 158 5244; x_wconf 90' lang='lat' dir='ltr'>titer</span> <span class='ocrx_word' id='word_1_712' title='bbox 172 5202 258 5259; x_wconf 86' lang='lat' dir='ltr'>agere</span> <span class='ocrx_word' id='word_1_713' title='bbox 274 5185 399 5242; x_wconf 89' lang='lat' dir='ltr'>habebnt</span> <span class='ocrx_word' id='word_1_714' title='bbox 416 5184 444 5241; x_wconf 92' lang='lat' dir='ltr'>in</span> <span class='ocrx_word' id='word_1_715' title='bbox 461 5184 599 5242; x_wconf 78' lang='lat' dir='ltr'>[luctibus</span> <span class='ocrx_word' id='word_1_716' title='bbox 616 5185 739 5242; x_wconf 79' lang='lat' dir='ltr'>Romani</span> <span class='ocrx_word' id='word_1_717' title='bbox 755 5185 870 5260; x_wconf 89' lang='lat' dir='ltr'>imperii</span> <span class='ocrx_word' id='word_1_718' title='bbox 887 5185 916 5241; x_wconf 94' lang='lat' dir='ltr'>in</span> 
     </span>
     <span class='ocr_line' id='line_1_56' title="bbox 92 5273 920 5348; baseline -0.002 -15"><span class='ocrx_word' id='word_1_719' title='bbox 92 5291 201 5348; x_wconf 87' lang='lat' dir='ltr'>magna</span> <span class='ocrx_word' id='word_1_720' title='bbox 215 5277 390 5348; x_wconf 88' lang='lat' dir='ltr'>tempestate</span> <span class='ocrx_word' id='word_1_721' title='bbox 405 5273 473 5331; x_wconf 78' lang='lat' dir='ltr'>saevi</span> <span class='ocrx_word' id='word_1_722' title='bbox 494 5273 640 5331; x_wconf 81' lang='lat' dir='ltr'>Neronis?</span> <span class='ocrx_word' id='word_1_723' title='bbox 665 5273 741 5331; x_wconf 88' lang='lat' dir='ltr'>Bene</span> <span class='ocrx_word' id='word_1_724' title='bbox 762 5291 842 5348; x_wconf 89' lang='lat' dir='ltr'>ergo,</span> <span class='ocrx_word' id='word_1_725' title='bbox 871 5274 920 5348; x_wconf 89' lang='lat' dir='ltr'>qui</span> 
     </span>
     <span class='ocr_line' id='line_1_57' title="bbox 92 5362 922 5437; baseline 0 -15"><span class='ocrx_word' id='word_1_726' title='bbox 92 5362 922 5437; x_wconf 84' lang='lat' dir='ltr'>antepassiouemDominitimuit,etpsucmersus,nunc</span> 
     </span>
     <span class='ocr_line' id='line_1_58' title="bbox 92 5452 921 5530; baseline -0.002 -17"><span class='ocrx_word' id='word_1_727' title='bbox 92 5459 161 5529; x_wconf 91' lang='lat' dir='ltr'>post</span> <span class='ocrx_word' id='word_1_728' title='bbox 176 5455 242 5527; x_wconf 83' lang='lat' dir='ltr'>ejus</span> <span class='ocrx_word' id='word_1_729' title='bbox 259 5452 501 5512; x_wconf 84' lang='lat' dir='ltr'>resurrectionem</span> <span class='ocrx_word' id='word_1_730' title='bbox 519 5453 638 5510; x_wconf 89' lang='lat' dir='ltr'>mittens</span> <span class='ocrx_word' id='word_1_731' title='bbox 654 5470 686 5512; x_wconf 89' lang='lat' dir='ltr'>ee</span> <span class='ocrx_word' id='word_1_732' title='bbox 704 5452 735 5511; x_wconf 91' lang='lat' dir='ltr'>in</span> <span class='ocrx_word' id='word_1_733' title='bbox 751 5471 841 5528; x_wconf 89' lang='lat' dir='ltr'>mare,</span> <span class='ocrx_word' id='word_1_734' title='bbox 858 5471 921 5530; x_wconf 89' lang='lat' dir='ltr'>per·</span> 
     </span>
     <span class='ocr_line' id='line_1_59' title="bbox 92 5541 495 5616; baseline -0.002 -14"><span class='ocrx_word' id='word_1_735' title='bbox 92 5545 173 5602; x_wconf 80' lang='lat' dir='ltr'>seuit</span> <span class='ocrx_word' id='word_1_736' title='bbox 183 5545 220 5602; x_wconf 91' lang='lat' dir='ltr'>ad</span> <span class='ocrx_word' id='word_1_737' title='bbox 233 5547 351 5616; x_wconf 87' lang='lat' dir='ltr'>portum</span> <span class='ocrx_word' id='word_1_738' title='bbox 366 5541 495 5601; x_wconf 79' lang='lat' dir='ltr'>feliciter.</span> 
     </span>
     <span class='ocr_line' id='line_1_60' title="bbox 131 5631 921 5706; baseline 0.006 -21"><span class='ocrx_word' id='word_1_739' title='bbox 131 5631 921 5706; x_wconf 67' lang='lat' dir='ltr'>«abiectamdiscipulinavigiovencrunttlcuenim.</span> 
     </span>
    </p>
   </div>
   <div class='ocr_carea' id='block_1_4' title="bbox 972 4645 1806 5350">
    <p class='ocr_par' dir='ltr' id='par_1_4' title="bbox 972 4645 1806 5350">
     <span class='ocr_line' id='line_1_61' title="bbox 972 4645 1800 4723; baseline -0.002 -15"><span class='ocrx_word' id='word_1_740' title='bbox 972 4652 1074 4709; x_wconf 92' lang='lat' dir='ltr'>tudine</span> <span class='ocrx_word' id='word_1_741' title='bbox 1085 4649 1221 4723; x_wconf 84' lang='lat' dir='ltr'>piscium,</span> <span class='ocrx_word' id='word_1_742' title='bbox 1235 4645 1405 4720; x_wconf 86' lang='lat' dir='ltr'>»quomodo</span> <span class='ocrx_word' id='word_1_743' title='bbox 1415 4647 1624 4706; x_wconf 82' lang='lat' dir='ltr'>benedicitur:</span> <span class='ocrx_word' id='word_1_744' title='bbox 1636 4669 1647 4702; x_wconf 87' lang='grc' dir='ltr'>ι</span> <span class='ocrx_word' id='word_1_745' title='bbox 1660 4651 1800 4708; x_wconf 79' lang='lat' dir='ltr'>Ascendit</span> 
     </span>
     <span class='ocr_line' id='line_1_62' title="bbox 972 4735 1799 4808; baseline 0 -13"><span class='ocrx_word' id='word_1_746' title='bbox 972 4741 1072 4798; x_wconf 77' lang='lat' dir='ltr'>Simon</span> <span class='ocrx_word' id='word_1_747' title='bbox 1088 4739 1203 4807; x_wconf 83' lang='lat' dir='ltr'>Patrue,</span> <span class='ocrx_word' id='word_1_748' title='bbox 1219 4743 1247 4796; x_wconf 90' lang='lat' dir='ltr'>et</span> <span class='ocrx_word' id='word_1_749' title='bbox 1263 4735 1351 4794; x_wconf 83' lang='lat' dir='ltr'>traxit</span> <span class='ocrx_word' id='word_1_750' title='bbox 1366 4741 1426 4794; x_wconf 88' lang='lat' dir='ltr'>rete</span> <span class='ocrx_word' id='word_1_751' title='bbox 1443 4736 1472 4793; x_wconf 91' lang='lat' dir='ltr'>iu</span> <span class='ocrx_word' id='word_1_752' title='bbox 1489 4740 1607 4808; x_wconf 87' lang='lat' dir='ltr'>terrem,</span> <span class='ocrx_word' id='word_1_753' title='bbox 1623 4755 1691 4795; x_wconf 89' lang='lat' dir='ltr'>cum</span> <span class='ocrx_word' id='word_1_754' title='bbox 1708 4739 1799 4796; x_wconf 86' lang='lat' dir='ltr'>multo</span> 
     </span>
     <span class='ocr_line' id='line_1_63' title="bbox 974 4824 1800 4903; baseline -0.002 -17"><span class='ocrx_word' id='word_1_755' title='bbox 974 4828 1070 4903; x_wconf 87' lang='lat' dir='ltr'>magis</span> <span class='ocrx_word' id='word_1_756' title='bbox 1086 4845 1144 4886; x_wconf 90' lang='lat' dir='ltr'>nen</span> <span class='ocrx_word' id='word_1_757' title='bbox 1160 4825 1268 4884; x_wconf 89' lang='lat' dir='ltr'>valeret</span> <span class='ocrx_word' id='word_1_758' title='bbox 1282 4825 1375 4896; x_wconf 89' lang='lat' dir='ltr'>solus,</span> <span class='ocrx_word' id='word_1_759' title='bbox 1392 4824 1448 4883; x_wconf 91' lang='lat' dir='ltr'>uisi</span> <span class='ocrx_word' id='word_1_760' title='bbox 1465 4826 1534 4899; x_wconf 88' lang='lat' dir='ltr'>quie</span> <span class='ocrx_word' id='word_1_761' title='bbox 1546 4843 1597 4900; x_wconf 90' lang='lat' dir='ltr'>per</span> <span class='ocrx_word' id='word_1_762' title='bbox 1610 4826 1740 4896; x_wconf 88' lang='lat' dir='ltr'>Petrum,</span> <span class='ocrx_word' id='word_1_763' title='bbox 1752 4829 1800 4885; x_wconf 93' lang='lat' dir='ltr'>cui</span> 
     </span>
     <span class='ocr_line' id='line_1_64' title="bbox 974 4915 1800 4994; baseline -0.005 -16"><span class='ocrx_word' id='word_1_764' title='bbox 974 4937 1032 4994; x_wconf 77' lang='lat' dir='ltr'>pru</span> <span class='ocrx_word' id='word_1_765' title='bbox 1047 4917 1159 4977; x_wconf 80' lang='lat' dir='ltr'>ceteris</span> <span class='ocrx_word' id='word_1_766' title='bbox 1174 4915 1341 4990; x_wconf 87' lang='lat' dir='ltr'>specialiter</span> <span class='ocrx_word' id='word_1_767' title='bbox 1356 4915 1464 4972; x_wconf 91' lang='lat' dir='ltr'>dictum</span> <span class='ocrx_word' id='word_1_768' title='bbox 1481 4922 1545 4973; x_wconf 90' lang='lat' dir='ltr'>est:</span> <span class='ocrx_word' id='word_1_769' title='bbox 1564 4939 1578 4968; x_wconf 90' lang='grc' dir='ltr'>ιι</span> <span class='ocrx_word' id='word_1_770' title='bbox 1592 4920 1625 4972; x_wconf 79' lang='lat' dir='ltr'>Et</span> <span class='ocrx_word' id='word_1_771' title='bbox 1648 4916 1700 4972; x_wconf 92' lang='lat' dir='ltr'>tibi</span> <span class='ocrx_word' id='word_1_772' title='bbox 1726 4915 1800 4974; x_wconf 84' lang='lat' dir='ltr'>debu</span> 
     </span>
     <span class='ocr_line' id='line_1_65' title="bbox 975 5003 1801 5080; baseline -0.006 -13"><span class='ocrx_word' id='word_1_773' title='bbox 975 5010 1071 5068; x_wconf 88' lang='lat' dir='ltr'>claves</span> <span class='ocrx_word' id='word_1_774' title='bbox 1091 5004 1173 5080; x_wconf 89' lang='lat' dir='ltr'>regni</span> <span class='ocrx_word' id='word_1_775' title='bbox 1196 5003 1336 5062; x_wconf 84' lang='lat' dir='ltr'>emiorum</span> <span class='ocrx_word' id='word_1_776' title='bbox 1364 5003 1470 5077; x_wconf 75' lang='lat' dir='ltr'>(dotti.</span> <span class='ocrx_word' id='word_1_777' title='bbox 1497 5005 1565 5076; x_wconf 80' lang='lat' dir='ltr'>avr),</span> <span class='ocrx_word' id='word_1_778' title='bbox 1584 5025 1598 5054; x_wconf 83' lang='grc' dir='ltr'>ιι</span> <span class='ocrx_word' id='word_1_779' title='bbox 1625 5004 1801 5062; x_wconf 85' lang='lat' dir='ltr'>universitas</span> 
     </span>
     <span class='ocr_line' id='line_1_66' title="bbox 976 5091 1801 5168; baseline -0.006 -12"><span class='ocrx_word' id='word_1_780' title='bbox 976 5115 1075 5157; x_wconf 89' lang='lat' dir='ltr'>eorum</span> <span class='ocrx_word' id='word_1_781' title='bbox 1093 5095 1275 5168; x_wconf 90' lang='lat' dir='ltr'>designatur,</span> <span class='ocrx_word' id='word_1_782' title='bbox 1292 5109 1417 5165; x_wconf 91' lang='lat' dir='ltr'>quorum</span> <span class='ocrx_word' id='word_1_783' title='bbox 1427 5095 1472 5149; x_wconf 83' lang='lat' dir='ltr'>cst</span> <span class='ocrx_word' id='word_1_784' title='bbox 1479 5093 1529 5164; x_wconf 84' lang='lat' dir='ltr'>jus</span> <span class='ocrx_word' id='word_1_785' title='bbox 1542 5092 1585 5148; x_wconf 89' lang='lat' dir='ltr'>vel</span> <span class='ocrx_word' id='word_1_786' title='bbox 1597 5091 1727 5150; x_wconf 68' lang='lat' dir='ltr'>officium</span> <span class='ocrx_word' id='word_1_787' title='bbox 1739 5099 1801 5151; x_wconf 88' lang='lat' dir='ltr'>tra·</span> 
     </span>
     <span class='ocr_line' id='line_1_67' title="bbox 976 5169 1806 5255; baseline -0.006 -11"><span class='ocrx_word' id='word_1_788' title='bbox 976 5192 1053 5244; x_wconf 88' lang='lat' dir='ltr'>ctare</span> <span class='ocrx_word' id='word_1_789' title='bbox 1068 5184 1123 5242; x_wconf 91' lang='lat' dir='ltr'>hoe</span> <span class='ocrx_word' id='word_1_790' title='bbox 1139 5189 1199 5240; x_wconf 92' lang='lat' dir='ltr'>retc</span> <span class='ocrx_word' id='word_1_791' title='bbox 1214 5181 1352 5255; x_wconf 88' lang='lat' dir='ltr'>piscium,</span> <span class='ocrx_word' id='word_1_792' title='bbox 1368 5179 1446 5252; x_wconf 86' lang='lat' dir='ltr'>quod</span> <span class='ocrx_word' id='word_1_793' title='bbox 1467 5184 1511 5236; x_wconf 90' lang='lat' dir='ltr'>est</span> <span class='ocrx_word' id='word_1_794' title='bbox 1524 5179 1574 5235; x_wconf 93' lang='lat' dir='ltr'>Dei</span> <span class='ocrx_word' id='word_1_795' title='bbox 1597 5179 1734 5238; x_wconf 90' lang='lat' dir='ltr'>Verbum.</span> <span class='ocrx_word' id='word_1_796' title='bbox 1747 5169 1806 5240; x_wconf 53' lang='lat' dir='ltr'>lte?</span> 
     </span>
     <span class='ocr_line' id='line_1_68' title="bbox 977 5268 1800 5350; baseline -0.006 -16"><span class='ocrx_word' id='word_1_797' title='bbox 977 5294 1033 5350; x_wconf 90' lang='lat' dir='ltr'>que</span> <span class='ocrx_word' id='word_1_798' title='bbox 1048 5292 1107 5332; x_wconf 88' lang='lat' dir='ltr'>une</span> <span class='ocrx_word' id='word_1_799' title='bbox 1123 5273 1205 5343; x_wconf 82' lang='lat' dir='ltr'>lidos,</span> <span class='ocrx_word' id='word_1_800' title='bbox 1221 5287 1308 5344; x_wconf 89' lang='lat' dir='ltr'>quam</span> <span class='ocrx_word' id='word_1_801' title='bbox 1324 5268 1453 5326; x_wconf 85' lang='lat' dir='ltr'>universi</span> <span class='ocrx_word' id='word_1_802' title='bbox 1469 5269 1630 5341; x_wconf 87' lang='lat' dir='ltr'>piscatores</span> <span class='ocrx_word' id='word_1_803' title='bbox 1647 5269 1800 5328; x_wconf 91' lang='lat' dir='ltr'>hominum</span> 
     </span>
    </p>
   </div>
   <div class='ocr_carea' id='block_1_5' title="bbox 977 5360 1802 5706">
    <p class='ocr_par' dir='ltr' id='par_1_5' title="bbox 977 5360 1802 5706">
     <span class='ocr_line' id='line_1_69' title="bbox 977 5360 1800 5441; baseline -0.007 -17"><span class='ocrx_word' id='word_1_804' title='bbox 977 5365 1145 5441; x_wconf 77' lang='lat' dir='ltr'>predicant,</span> <span class='ocrx_word' id='word_1_805' title='bbox 1163 5365 1239 5420; x_wconf 88' lang='lat' dir='ltr'>recte</span> <span class='ocrx_word' id='word_1_806' title='bbox 1254 5377 1306 5434; x_wconf 93' lang='lat' dir='ltr'>per</span> <span class='ocrx_word' id='word_1_807' title='bbox 1322 5375 1410 5416; x_wconf 89' lang='lat' dir='ltr'>unum</span> <span class='ocrx_word' id='word_1_808' title='bbox 1427 5360 1575 5431; x_wconf 81' lang='lat' dir='ltr'>figuratur</span> <span class='ocrx_word' id='word_1_809' title='bbox 1598 5361 1728 5432; x_wconf 89' lang='lat' dir='ltr'>Petrum,</span> <span class='ocrx_word' id='word_1_810' title='bbox 1753 5363 1800 5420; x_wconf 91' lang='lat' dir='ltr'>cui</span> 
     </span>
     <span class='ocr_line' id='line_1_70' title="bbox 977 5447 1802 5530; baseline -0.007 -16"><span class='ocrx_word' id='word_1_811' title='bbox 977 5455 1156 5530; x_wconf 78' lang='lat' dir='ltr'>precipuum</span> <span class='ocrx_word' id='word_1_812' title='bbox 1172 5453 1273 5509; x_wconf 87' lang='lat' dir='ltr'>datum</span> <span class='ocrx_word' id='word_1_813' title='bbox 1289 5447 1388 5518; x_wconf 81' lang='lat' dir='ltr'>cuijus</span> <span class='ocrx_word' id='word_1_814' title='bbox 1400 5463 1488 5519; x_wconf 87' lang='lat' dir='ltr'>super</span> <span class='ocrx_word' id='word_1_815' title='bbox 1498 5463 1598 5506; x_wconf 86' lang='lat' dir='ltr'>omncs</span> <span class='ocrx_word' id='word_1_816' title='bbox 1610 5451 1704 5522; x_wconf 88' lang='lat' dir='ltr'>pisces</span> <span class='ocrx_word' id='word_1_817' title='bbox 1714 5453 1802 5524; x_wconf 86' lang='lat' dir='ltr'>perti-</span> 
     </span>
     <span class='ocr_line' id='line_1_71' title="bbox 977 5535 1801 5616; baseline -0.002 -14"><span class='ocrx_word' id='word_1_818' title='bbox 977 5548 1079 5604; x_wconf 89' lang='lat' dir='ltr'>nentes</span> <span class='ocrx_word' id='word_1_819' title='bbox 1095 5545 1131 5602; x_wconf 91' lang='lat' dir='ltr'>ad</span> <span class='ocrx_word' id='word_1_820' title='bbox 1147 5555 1269 5616; x_wconf 88' lang='lat' dir='ltr'>regnum</span> <span class='ocrx_word' id='word_1_821' title='bbox 1294 5535 1433 5596; x_wconf 83' lang='lat' dir='ltr'>coelorum</span> <span class='ocrx_word' id='word_1_822' title='bbox 1456 5538 1492 5595; x_wconf 90' lang='lat' dir='ltr'>ad</span> <span class='ocrx_word' id='word_1_823' title='bbox 1519 5547 1625 5598; x_wconf 83' lang='lat' dir='ltr'>senato</span> <span class='ocrx_word' id='word_1_824' title='bbox 1649 5541 1801 5600; x_wconf 81' lang='lat' dir='ltr'>Trinitatis</span> 
     </span>
     <span class='ocr_line' id='line_1_72' title="bbox 977 5626 1802 5706; baseline -0.004 -12"><span class='ocrx_word' id='word_1_825' title='bbox 977 5635 1152 5694; x_wconf 87' lang='lat' dir='ltr'>convivium.</span> <span class='ocrx_word' id='word_1_826' title='bbox 1168 5629 1226 5706; x_wconf 89' lang='lat' dir='ltr'>lpsi</span> <span class='ocrx_word' id='word_1_827' title='bbox 1241 5644 1310 5688; x_wconf 87' lang='lat' dir='ltr'>vero</span> <span class='ocrx_word' id='word_1_828' title='bbox 1319 5626 1525 5702; x_wconf 84' lang='lat' dir='ltr'>piscesomnes</span> <span class='ocrx_word' id='word_1_829' title='bbox 1536 5631 1645 5704; x_wconf 88' lang='lat' dir='ltr'>magni,</span> <span class='ocrx_word' id='word_1_830' title='bbox 1657 5635 1686 5690; x_wconf 87' lang='lat' dir='ltr'>et</span> <span class='ocrx_word' id='word_1_831' title='bbox 1696 5647 1802 5691; x_wconf 89' lang='lat' dir='ltr'>nume-</span> 
     </span>
    </p>
   </div>
   <div class='ocr_carea' id='block_1_6' title="bbox 0 0 1994 6036">
    <p class='ocr_par' dir='ltr' id='par_1_6' title="bbox 0 0 1994 6036">
     <span class='ocr_line' id='line_1_73' title="bbox 0 0 1994 6036; baseline 0 0"><span class='ocrx_word' id='word_1_832' title='bbox 0 0 1994 6036; x_wconf 95' lang='lat' dir='ltr'> </span> 
     </span>
    </p>
   </div>
  </div>
 </body>
</html>
