3980 6046
161 231 221 292 sau
704 217 876 280 nuruum
897 213 1069 280 sanaris
1089 198 1316 283 rurrrausrs
1806 216 1865 282 sao
1975 239 1976 322 3

164 363 267 430 activa,
284 377 334 433 per
348 359 428 414 intus
443 355 668 427 contemplativa
682 353 741 409 vita
756 356 832 409 recte
846 349 983 425 inteiligi-
998 359 1024 424 Α
1040 367 1140 408 sorum
1157 355 1191 409 ad
1210 351 1428 426 predicandum
1448 350 1536 408 latius
1552 349 1665 424 aperuit
1679 349 1750 424 (dat.
1764 352 1807 419 u).
1824 352 1864 405 Ab

165 461 222 511 tur.
247 450 300 515 Oui
320 448 397 506 enim
422 447 520 503 active
545 445 609 500 uitas
626 443 763 516 operibus
779 443 916 512 deservit,
933 458 985 514 per
1037 441 1103 498 istis
1118 443 1202 514 quasi
1218 447 1343 514 quatuor
1368 437 1579 513 principalibus
1605 439 1723 507 lormis,
1739 445 1864 511 quatuor

165 541 255 598 multa
265 537 378 605 circuit,
387 540 513 593 testante
524 533 645 591 Domino
658 549 724 589 curn
735 533 814 589 dicit:
831 555 844 582 a
859 530 984 596 Mariba,
1036 531 1220 588 evanaeliata
1237 529 1397 597 iulormati,
1418 535 1448 584 et
1463 528 1512 584 illo
1538 528 1631 584 sancti
1655 528 1781 598 Spiritus
1797 529 1864 600 igne

166 627 294 696 Martha,
310 625 439 684 sollicita
450 641 493 690 ss,
509 628 537 680 st
551 622 681 680 turbaris
696 620 984 695 ergaplurinraldac.
1036 619 1139 690 aldati,
1155 619 1205 692 qui
1222 619 1358 691 prodictu
1374 618 1421 674 die
1436 633 1524 689 super
1550 618 1698 690 apostolus
1713 618 1803 686 venit,
1822 617 1863 672 aio

165 718 204 792 x).
222 739 236 768 »
252 715 305 784 Qui
322 719 418 772 autern
433 712 691 784 contemplativam
710 713 801 779 tenet,
817 708 985 766 meditando
1038 708 1268 779 praedicaverunt
1282 715 1311 764 et
1325 707 1367 763 sic
1383 705 1582 778 scripserunt;
1601 711 1643 775 ut,
1659 705 1737 762 sicut
1747 706 1812 778 jam
1826 705 1867 760 di·

104 824 107 839 ¹
165 808 195 863 in
211 805 272 877 lega
288 803 416 873 Domini,
427 801 572 868 intusesl,
585 800 665 856 iulos
676 799 810 870 quiescit,
828 800 983 854 iniussum
1038 800 1187 864 clamosi,
1204 797 1280 854 elius
1295 795 1438 865 hominis,
1455 794 1532 852 alius
1554 793 1648 861 vituli,
1667 793 1743 850 alius
1760 795 1868 860 leonis,

164 893 255 951 Maria
270 893 352 949 sedet
367 892 402 949 ad
419 891 507 963 pedes
522 889 647 946 Domini.
662 888 753 960 igitur
763 886 902 943 animalia
915 885 984 954 hac,
1038 884 1113 941 alius
1129 886 1294 942 imitaretur
1309 885 1411 942 taciem
1439 881 1542 956 aquilae
1556 881 1693 940 solantia.
1708 884 1805 956 Atque
1819 899 1869 938 ex-

165 986 195 1038 et
209 979 386 1046 incircuitu,
400 976 518 1033 etintus
533 975 619 1049 plene
634 979 705 1032 sunt
715 973 818 1042 oeulis,
835 973 902 1044 quia
914 987 985 1042 prae-
1039 979 1108 1031 tunc
1124 983 1180 1030 tarn
1196 975 1244 1030 isti
1258 989 1343 1046 quam
1366 972 1462 1030 ceteri
1494 972 1701 1044 praedicatores
1715 973 1868 1045 Evangelii

164 1071 308 1126 dieatores
325 1065 471 1136 Evangelii
488 1064 547 1121 sive
562 1064 673 1136 quique
688 1062 810 1134 praelati,
823 1061 847 1117 si
861 1060 987 1132 legitime
1038 1087 1052 1116 a
1067 1064 1197 1136 requiem
1213 1079 1270 1120 non
1288 1063 1456 1119 babuerunt
1469 1062 1516 1118 die
1531 1077 1564 1117 ac
1576 1066 1672 1128 nocte,
1686 1084 1696 1112 ι
1709 1061 1740 1117 id
1750 1067 1871 1129 estnon

166 1162 308 1231 praesunt,
323 1161 382 1212 tam
399 1155 428 1211 in
446 1154 581 1210 exteriori
596 1152 709 1209 actione
724 1168 812 1224 quarn
827 1153 856 1206 in
873 1151 988 1205 iuterna
1037 1155 1227 1208 cessaverunt
1240 1152 1270 1207 in
1287 1151 1557 1224 prosperitats,non
1568 1151 1716 1207 siluerunt
1726 1150 1754 1205 in
1765 1151 1871 1206 adver·

164 1245 410 1319 contemplatione
426 1244 502 1300 cauti
518 1246 628 1298 suntet
643 1241 765 1312 providi.
778 1262 792 1289 a
808 1239 840 1295 llt
856 1237 987 1310 requiem
1038 1239 1135 1305 situle,
1159 1240 1342 1313 predicando
1368 1241 1477 1296 sanctas
1501 1245 1531 1294 et
1558 1237 1684 1294 invidum
1715 1238 1874 1295 Trinitatis

164 1353 222 1391 non
239 1335 386 1391 habebant
400 1333 490 1389 dieac
506 1336 600 1398 noete,
617 1331 762 1386 dicentes:
779 1329 986 1394 eructuaren-
1039 1329 1137 1399 iidsm,
1154 1329 1229 1402 quod
1248 1333 1292 1385 est
1309 1328 1392 1384 lertio
1409 1328 1506 1384 dicere
1521 1343 1528 1384 :
1546 1349 1561 1378 a
1577 1328 1714 1398 Sanctus,
1731 1333 1868 1396 sanctus,

164 1431 241 1494 ctus,
256 1428 389 1491 sanctus,
405 1423 548 1478 Dominus
565 1424 639 1476 Deus
652 1417 901 1490 omnipotens,qui
916 1423 987 1482 erat,
1039 1421 1170 1486 sanctus,
1187 1417 1329 1474 Dominus
1345 1417 1422 1474 Deus
1437 1415 1634 1488 omnipotens.
1647 1435 1660 1467 a
1673 1416 1754 1480 Quod
1766 1423 1870 1472 autem

163 1518 192 1571 et
206 1513 257 1586 qui
273 1517 327 1583 est,
343 1518 370 1568 at
385 1511 435 1583 qui
454 1515 594 1566 venturus
619 1511 673 1564 est.
690 1529 704 1558 a
727 1508 766 1563 lix
782 1523 839 1579 quo
857 1507 941 1561 sedes
957 1505 987 1560 in
1040 1506 1163 1574 addunt,
1180 1506 1210 1562 in
1226 1505 1323 1562 laudis
1340 1511 1398 1561 tam
1417 1505 1556 1577 speciosa
1580 1505 1871 1561 consummationem

165 1605 235 1658 caelo
252 1600 601 1675 positaest,etDominus
618 1613 702 1668 super
718 1594 797 1652 illam
815 1595 989 1664 sedat,idest
1041 1594 1168 1651 dicentia
1181 1596 1244 1651 haec
1259 1594 1409 1664 animalia,
1426 1613 1437 1642 ι
1453 1592 1502 1664 qui
1518 1597 1592 1662 arat,
1607 1593 1701 1666 etqui
1716 1598 1800 1664 est,et
1817 1594 1873 1666 qui

167 1709 201 1748 cx
216 1707 273 1764 quc
295 1692 443 1747 destructo
467 1687 575 1761 peccati
607 1693 716 1758 ragno,'-,
730 1702 851 1758 regnum
863 1684 986 1756 justitie
1003 1690 1181 1771 Brenturus
1195 1689 1251 1755 est,
1268 1705 1281 1734 n
1297 1684 1452 1741 victoriosa
1475 1684 1616 1740 adversus
1639 1698 1743 1738 omnes
1766 1699 1873 1755 perse·

167 1783 311 1836 statutum
328 1783 374 1834 est
388 1794 440 1850 per
455 1777 621 1849 passionem
637 1774 753 1843 Christi,
771 1779 799 1829 at
814 1774 843 1829 in
858 1773 987 1830 Ecclesia
1044 1778 1166 1847 quantes
1181 1773 1339 1846 gratulatio
1359 1779 1414 1830 est.
1431 1773 1492 1828 Non
1523 1771 1601 1828 onim
1617 1772 1736 1827 deerunt
1750 1777 1801 1828 aut
1816 1773 1874 1828 de·

170 1885 224 1924 sua
241 1865 540 1936 Dominusrsgnavit3
553 1861 735 1934 requiem,id
750 1865 795 1916 est
809 1861 989 1930 ostium‚non
1043 1863 1134 1918 futuri
1159 1867 1243 1919 erant
1268 1863 1439 1931 adversarii,
1461 1861 1511 1934 qni
1538 1860 1625 1916 minis
1648 1865 1677 1917 et
1697 1862 1874 1930 terroribus,

170 1956 279 2012 babent
293 1954 354 2010 hac
369 1952 518 2020 animalia,
534 1955 725 2008 tarsensium
749 1949 906 2006 Dominum
922 1965 990 2005 con·
1043 1952 1363 2026 cunctisquemortium
1380 1951 1441 2009 sive
1457 1967 1609 2023 prunarum
1621 1949 1777 2022 generibus
1787 1967 1875 2007 carn·

168 2041 389 2114 clamantia,qui
401 2045 532 2098 sanctam
545 2039 716 2096 Trinitatem
727 2043 789 2094 toto
802 2041 912 2094 mundo
925 2055 992 2110 pro·
1043 2057 1158 2114 pascere
1176 2041 1338 2098 niterentur
1348 2039 1612 2098 conclamationem
1625 2039 1714 2110 hujus
1726 2041 1874 2112 praedica-

169 2134 248 2190 dioat
261 2131 425 2202 evangelica
440 2129 582 2186 doctrina.
606 2129 697 2200 llujus
712 2133 820 2184 sanctas
835 2126 989 2183 Trinitatis
1043 2130 1141 2187 tionis.
1157 2131 1211 2187 Sed
1229 2130 1376 2187 conlldanl
1392 2129 1421 2185 bi
1437 2131 1532 2185 sancti
1543 2127 1830 2201 praedicatores,quis
1849 2131 1877 2184 is

170 2223 290 2297 gloriam
307 2220 351 2277 vel
366 2219 500 2276 notitiam
517 2217 716 2291 principaliter
730 2217 761 2272 in
776 2216 902 2284 Christo,
919 2231 992 2287 prae-
1044 2236 1130 2292 quam
1148 2217 1317 2290 predicant,
1333 2241 1347 2270 a
1363 2223 1392 2274 et
1407 2221 1580 2288 crat,eteat,
1597 2222 1625 2273 et
1636 2221 1846 2274 venturusest.
1862 2241 1878 2268 a

171 2313 271 2369 dicant
286 2308 347 2365 illia
362 2323 440 2381 sepe
451 2308 529 2363 dicta
543 2311 668 2379 quatuor
684 2309 869 2361 sacramenta
886 2302 991 2375 priuci-
1045 2332 1059 2359 a
1079 2308 1183 2379 Nolite,
1199 2309 1305 2382 iuquit,
1322 2310 1425 2365 timere
1449 2325 1510 2377 eos,
1526 2309 1576 2380 qui
1600 2308 1737 2365 occidunt
1751 2323 1877 2382 corpus,

173 2400 260 2472 palia,
286 2398 397 2454 scilicet
425 2395 599 2460 incarnatio,
626 2394 734 2466 passio,
764 2395 937 2448 resurrectio
965 2397 994 2448 et
1045 2398 1173 2454 animam
1189 2405 1287 2453 autern
1303 2414 1359 2454 riou
1377 2401 1500 2470 possunt
1513 2396 1645 2454 occidere
1661 2397 1765 2468 (llottla.
1783 2398 1810 2471 x)
1830 2417 1839 2464 ς
1862 2419 1876 2449 a

172 2487 315 2544 ascensio.
331 2491 392 2542 Hoc
407 2489 472 2539 ante
490 2499 546 2539 non
564 2481 658 2537 debut.
678 2479 781 2538 Nullus
795 2481 872 2538 anim
889 2497 992 2537 nornen
1045 2486 1133 2556 siva«
1143 2494 1172 2542 ct
1183 2491 1249 2560 post
1262 2487 1321 2542 bac
1335 2503 1392 2543 non
1405 2486 1515 2542 babent
1526 2485 1655 2558 amplius
1667 2487 1738 2558 quid
1750 2488 1877 2543 iaciant.

172 2579 225 2634 boc
234 2572 563 2650 praedicationepublica
570 2571 724 2628 revelabat.
735 2571 992 2643 Primumanimal,
1046 2576 1203 2633 Ostendam
1216 2581 1312 2632 autern
1325 2577 1407 2632 vobis
1419 2593 1506 2648 quern
1519 2577 1647 2632 timentia
1659 2593 1666 2632 :
1677 2575 1790 2632 Timete
1801 2594 1877 2634 sum

171 2661 583 2736 sivsprimaiacies,scilicet
609 2660 770 2716 incarnatio
784 2660 902 2731 Christi,
920 2662 993 2716 hanc
1046 2666 1121 2722 881
1140 2666 1189 2737 qui
1217 2672 1373 2737 postquam
1405 2665 1553 2733 occiderit,
1583 2665 1669 2722 babet
1693 2671 1875 2737 potestatam

174 2759 291 2814 beatam
306 2753 477 2810 Trinitatem
493 2751 548 2808 hoo
564 2751 650 2807 modo
667 2757 824 2823 personat:
840 2773 854 2802 a
867 2751 994 2822 Spiritus
1048 2753 1163 2809 mittere
1178 2754 1206 2809 in
1224 2752 1399 2826 gebennam.
1424 2755 1467 2810 lta
1481 2755 1544 2810 dico
1559 2753 1651 2823 uubis,
1667 2752 1746 2809 buno
1771 2754 1879 2812 timete

172 2840 875 2915 sanutussupervenietinta,‘atairtusdltissimi
889 2840 992 2896 obum·
1048 2843 1116 2912 (Luc
1139 2843 1199 2912 xu).
1218 2863 1232 2892 a
1247 2840 1310 2898 Non
1336 2857 1415 2912 ergo,
1435 2843 1478 2897 vel
1505 2842 1534 2898 hl
1558 2843 1611 2913 qui
1636 2843 1812 2899 occiduntur
1838 2845 1879 2900 ti-

171 2934 268 2993 brabit
282 2931 333 2988 tibi
347 2949 355 3000 ;
371 2932 534 3002 ideoqusct
545 2929 620 3001 quod
633 2933 810 2984 nascaturex
821 2929 992 2984 teSanctum
1049 2934 1158 3000 meant,
1176 2929 1219 2986 vel
1234 2929 1265 2986 bi
1280 2931 1329 3001 qui
1345 2928 1481 2986 occidunt
1506 2930 1702 2986 morientibus
1718 2931 1879 3004 insultant,

169 3025 319 3082 vocabitur
330 3019 565 3093 TiliusDei(Luc.
577 3021 607 3086 r).
622 3037 635 3078 a
652 3017 892 3074 ditissimussive
905 3024 992 3086 Deus,
1008 3062 1029 3128 c
1049 3019 1118 3091 quia
1134 3019 1261 3092 isquam
1279 3019 1471 3091 predicamus
1487 3019 1517 3074 in
1533 3017 1675 3075 Trinitete
1692 3022 1767 3076 Deua
1787 3039 1879 3078 verus

169 3113 255 3171 Pater
267 3115 332 3180 ast;
349 3109 398 3182 qui
413 3112 512 3164 autem
528 3107 702 3178 coneipitur,
715 3105 805 3162 Titius
820 3105 872 3162 Dei
888 3109 932 3163 eat
944 3124 950 3174 ;
964 3111 993 3161 et
1047 3113 1076 3165 et
1091 3125 1178 3174 unua,
1194 3113 1224 3164 et
1239 3112 1301 3163 erat
1315 3108 1488 3181 priusquam
1505 3125 1610 3180 corpus
1621 3108 1698 3164 istud
1717 3109 1877 3178 lieret,imo

171 3202 221 3273 qui
237 3200 272 3256 sd
289 3198 468 3270 operandum
483 3195 528 3252 vel
551 3195 710 3250 creandum
726 3193 762 3249 da
788 3193 899 3265 virgine
920 3194 990 3249 Filio
1047 3204 1072 3253 el
1091 3220 1101 3246 ι
1120 3196 1292 3270 priusquam
1311 3201 1425 3253 montes
1442 3197 1545 3253 llarent
1558 3214 1592 3253 ac
1606 3197 1780 3254 formaretur
1793 3205 1877 3255 terra

171 3291 234 3348 sive
248 3289 341 3344 Verbo
358 3285 419 3352 Dei,
432 3299 535 3354 corpus
548 3283 711 3338 humanum
723 3284 888 3354 supervenit
904 3288 991 3354 atque

173 3377 331 3434 obumbrat
355 3370 543 3444 concipienti,
562 3371 687 3442 Spiritus
709 3375 830 3426 sanctus
853 3379 908 3426 est.
925 3371 991 3428 Hac

170 3483 238 3537 ergo
261 3466 354 3535 prims
380 3459 477 3528 lacios,
503 3459 531 3514 id
556 3467 600 3514 est
623 3459 784 3514 incarnatio
800 3465 991 3516 terruncium

173 3555 322 3626 personat,
338 3552 470 3605 sarretam
486 3545 658 3602 Trinitatem
672 3546 819 3619 praedicat.

209 3639 342 3698 Secunda
353 3635 483 3704 iacies,id
494 3635 847 3708 estpasaio,uibilomiuus
858 3639 991 3694 eamdam

173 3731 346 3788 Trinitatem
364 3726 561 3789 commendat,
587 3725 647 3781 sic:
664 3748 678 3776 a
695 3716 763 3798 ligo,
779 3725 876 3798 inquit
891 3727 992 3798 Filius,

172 3813 991 3892 rogaboPatremetaliumParacletumdabitvobisiloua.

170 3909 239 3980 xxv).
254 3929 269 3960 a
288 3907 360 3963 ltam
377 3921 384 3960 ι
401 3927 416 3956 a
432 3903 706 3961 Paracletusautsm
721 3901 849 3974 Spiritus
860 3911 992 3974 sanetus,

170 4013 257 4070 quem
275 3995 371 4051 mittet
386 3998 471 4050 Pater
487 3994 514 4046 iu
533 3990 651 4047 nomine
667 4008 740 4058 aneo,
757 3991 866 4049 illevos
877 3995 994 4050 docebit

171 4091 271 4146 omnia
300 4087 401 4160 (icida.
419 4106 432 4137 u
449 4084 546 4142 Tertia
561 4085 666 4139 deinde
691 4083 778 4139 iacies
799 4085 992 4142 nibilominus

175 4180 228 4234 hoo
242 4178 340 4250 ipsum
355 4173 508 4230 Trinitatis
526 4187 632 4227 nornen
650 4172 765 4242 astruit,
778 4173 892 4229 dicente
908 4173 992 4244 Talia,

172 4265 287 4338 quadie
295 4278 453 4334 resurgens
467 4259 763 4333 apparuitdiscipulis
776 4277 783 4314 :
796 4284 810 4310 α
821 4262 901 4318 Sicut
912 4265 993 4319 misit

174 4373 221 4412 me
236 4359 329 4424 Pater,
345 4359 373 4408 et
388 4367 440 4424 ego
452 4351 535 4406 mitto
550 4366 600 4406 vos
611 4351 640 4404 in
658 4350 849 4406 muudumtlt
860 4369 925 4408 oum
938 4353 992 4409 hoo

1047 3287 1131 3359 (Paul.
1149 3287 1272 3358 cxxxix),
1286 3309 1300 3338 a
1316 3292 1345 3344 et
1360 3303 1437 3343 nuuc
1458 3289 1512 3358 est,
1537 3287 1634 3342 dando
1653 3288 1874 3344 confessoribus

1048 3377 1111 3433 sois
1126 3377 1273 3432 stantibus
1288 3381 1355 3432 anta
1370 3391 1452 3450 reges
1467 3381 1495 3432 ei
1511 3376 1649 3450 praesides
1664 3393 1696 3433 os
1712 3382 1742 3433 et
1756 3379 1875 3450 sapien-

1048 3466 1131 3534 tiam,
1154 3465 1200 3520 oui
1225 3481 1282 3521 non
1311 3472 1432 3538 possunt
1458 3464 1592 3522 resistere
1617 3469 1646 3521 et
1670 3467 1875 3524 contradicere

1049 3569 1150 3610 omnes
1161 3553 1292 3625 ipsorum
1305 3553 1504 3620 adversarii,et
1515 3569 1580 3611 cum
1591 3554 1703 3627 fatigati
1714 3555 1876 3613 occidendo

1050 3641 1189 3698 desierint
1202 3642 1345 3710 occidere,
1361 3645 1506 3698 venturus
1518 3647 1563 3698 est
1579 3647 1610 3698 ul
1621 3643 1735 3714 judicet
1750 3658 1876 3700 causam

1049 3730 1214 3802 occisionis,
1230 3735 1258 3786 st
1272 3734 1343 3786 tuno
1358 3731 1483 3802 capillus
1498 3729 1533 3786 de
1549 3731 1642 3803 capite
1665 3733 1797 3804 ipsorum
1815 3749 1877 3789 non

1050 3819 1155 3893 peribit
1170 3820 1284 3892 (uarat.
1301 3820 1340 3891 x).

1085 3930 1099 3959 a
1116 3909 1150 3964 st
1164 3923 1229 3963 cum
1245 3909 1349 3964 darent
1364 3907 1412 3963 illa
1427 3907 1567 3964 animalia
1581 3909 1716 3981 gloriam,
1731 3916 1761 3968 et
1780 3913 1879 3969 bono-

1049 4013 1121 4064 rem,
1136 4000 1166 4051 et
1180 3995 1411 4052 benedictionem
1430 3996 1540 4052 sedenti
1557 4013 1645 4069 super
1662 3998 1813 4068 thronum,
1831 4001 1876 4056 ai·

1049 4083 1126 4140 venti
1150 4085 1179 4138 in
1205 4083 1313 4140 emenia
1342 4083 1525 4151 soculorum,
1558 4086 1747 4157 procidebant
1768 4089 1878 4162 viginti

1049 4176 1178 4246 quatuor
1191 4171 1321 4228 seniores
1338 4176 1404 4228 ante
1420 4173 1570 4229 sedentem
1587 4175 1616 4230 in
1632 4175 1748 4241 throno,
1764 4183 1793 4234 et
1808 4181 1880 4235 ado·

1050 4263 1152 4318 rabant
1167 4261 1306 4317 viventem
1324 4262 1353 4316 in
1370 4261 1476 4317 saecula
1491 4261 1705 4332 saeculorum,et
1718 4265 1879 4325 mittebant

1050 4367 1172 4407 coronas
1192 4365 1262 4406 suaa
1278 4354 1344 4405 ante
1361 4349 1511 4420 tbronum,
1529 4351 1660 4409 dicentes
1677 4368 1684 4410 ε
1701 4352 1814 4427 Dignus
1829 4373 1876 4425 es,

174 4443 307 4508 dixisset,
323 4438 494 4506 insufflavit,
508 4445 536 4494 et
551 4436 624 4493 dixit
638 4437 700 4493 eis:
717 4439 993 4511 AccipiteSpiritum
1012 4431 1033 4496 li
1049 4439 1172 4496 Domine
1188 4439 1267 4496 Deus
1281 4439 1525 4510 noster,accipere
1537 4440 1672 4511 gloriam,
1682 4444 1876 4517 ethonorena,

174 4534 310 4587 sanetum
324 4528 419 4602 (loon.
437 4526 495 4598 xx).
513 4549 526 4578 n
548 4527 583 4581 Et
606 4524 675 4582 alibi
693 4541 699 4582 ε
716 4549 730 4578 a
748 4529 866 4596 Euntes,
887 4529 992 4602 inquit,
1049 4533 1078 4584 et
1091 4527 1240 4594 virtutem,
1256 4528 1367 4599 quiatu
1384 4529 1490 4583 creasti
1505 4529 1614 4598 omnia,
1641 4535 1670 4586 et
1685 4538 1876 4604 proptervo.

175 4621 275 4676 doeete
297 4631 400 4674 omnes
415 4621 523 4686 gentos,
550 4613 726 4685 baptizantes
750 4633 799 4672 eos
827 4617 856 4673 in
877 4619 994 4676 notarius
1048 4616 1190 4673 luntatem
1208 4621 1288 4673 tuam
1304 4622 1398 4683 erant,
1414 4619 1549 4672 atoreata
1564 4623 1643 4674 sunt.
1661 4641 1675 4670 u
1689 4619 1795 4677 Divinas
1809 4640 1878 4680 ma.

175 4709 279 4775 Patris,
296 4711 324 4763 et
338 4705 412 4770 llilli,
432 4708 461 4759 et
476 4703 601 4775 Spiritus
619 4703 710 4758 sancti
731 4705 834 4775 (llattln
851 4708 960 4780 xxaua).
980 4729 991 4757 ι
1044 4709 1161 4782 jestatis
1176 4708 1394 4780 omnipotentiae
1410 4713 1496 4780 atque
1522 4709 1660 4766 bonitalis
1677 4713 1725 4768 Dei
1740 4714 1873 4772 admira·

172 4801 281 4866 Quarta
306 4797 424 4851 demum
450 4793 548 4859 iacies,
572 4793 678 4848 scilicet
695 4795 839 4863 ascensio,
857 4797 993 4852 sonorius
1046 4797 1155 4852 tionem
1173 4796 1326 4869 magnilica
1350 4797 1410 4851 bac
1434 4797 1573 4853 animalia
1595 4805 1751 4870 auxerunt,
1777 4803 1877 4862 dando

171 4887 309 4960 praedicat
327 4881 450 4956 gloriam
467 4880 556 4951 hujus
569 4880 657 4936 beatae
668 4881 898 4948 Trinitatis,cum
907 4885 993 4956 juxta
1047 4885 1181 4959 gloriam,
1196 4899 1224 4942 ea
1239 4886 1390 4952 honorem,
1406 4889 1435 4941 st
1455 4885 1685 4944 benedictionem
1712 4890 1807 4947 eidem
1826 4909 1877 4950 se-

171 4974 354 5049 prophatiam
366 4967 520 5028 dicentia·
534 4966 612 5024 Dixit
625 4969 764 5025 Dominus
776 4968 898 5028 Domino
908 4989 989 5029 meo:
1047 4973 1127 5030 denti
1143 4991 1232 5046 super
1246 4973 1505 5040 thronum,aivanti
1518 4976 1546 5030 in
1564 4977 1874 5044 seculasaculorum.

170 5065 271 5122 Sedes
290 5059 398 5117 dextris
415 5058 487 5114 meis
498 5057 581 5128 (Paul.
599 5057 663 5128 arx).
682 5079 696 5108 a
712 5058 804 5114 Titius
817 5062 989 5116 ascenditin
1045 5065 1117 5118 Ecce
1133 5062 1193 5119 baec
1204 5066 1249 5118 est
1259 5061 1412 5118 admiratio
1422 5060 1472 5116 illa
1483 5078 1541 5132 qun
1553 5061 1638 5136 longe
1649 5070 1716 5123 ante
1726 5071 1873 5130 attonitus

169 5153 331 5220 eoelum,et
345 5149 427 5206 sedet
442 5147 477 5203 ad
494 5145 640 5202 dexteram
657 5145 708 5203 Del
723 5147 990 5222 Patris3bccpra·
1045 5151 1073 5206 in
1091 5148 1519 5223 spirltuPsalmiatadicebat:
1538 5151 1701 5224 altamira,
1730 5159 1871 5218 Dominus

169 5243 259 5299 misso
274 5257 341 5297 cum
361 5238 542 5300 ascenderet,
561 5255 575 5282 a
596 5249 649 5306 ego
670 5235 783 5293 mittam
809 5237 988 5309 promissum
1046 5245 1244 5312 noster,quam
1254 5237 1424 5294 admirabile
1436 5244 1479 5294 ast
1492 5255 1595 5296 nomen
1604 5245 1722 5300 tuamin
1732 5247 1871 5308 universa

168 5331 263 5387 Patris
278 5328 334 5384 mei
350 5327 380 5382 in
394 5343 444 5380 vos
460 5326 537 5394 (Luc.
561 5323 648 5392 xxavl,
666 5347 680 5374 u
697 5330 725 5380 et
748 5325 852 5380 exinde
875 5328 989 5383 decimo
1045 5331 1122 5384 terre
1138 5327 1145 5383 l
1163 5349 1177 5378 a
1192 5327 1279 5400 (Prot.
1296 5328 1368 5398 uun)
1383 5327 1419 5382 lit
1433 5329 1572 5384 continuo
1588 5332 1658 5402 quid
1676 5333 1871 5396 admiraretur

168 5417 214 5472 die
230 5411 406 5488 promissum
424 5411 506 5479 illud,
522 5411 656 5467 videlicet
667 5411 794 5484 Spiritus
811 5419 929 5469 sanetus
941 5417 989 5470 ud-
1044 5417 1188 5488 aperiens,
1202 5439 1212 5465 ι
1226 5417 1376 5487 quonlam,
1388 5415 1495 5487 inquit,
1507 5417 1617 5474 elevata
1627 5425 1671 5476 ost
1681 5425 1870 5494 magnificen-

167 5503 256 5568 uanit,
273 5507 301 5557 et
315 5500 510 5574 apostolorum
527 5496 757 5570 cordareplevit,
773 5499 921 5573 simulque
936 5519 988 5560 ora
1044 5505 1083 5561 tia
1099 5509 1146 5560 tua
1163 5521 1252 5578 super
1267 5503 1355 5560 coelcs
1370 5503 1468 5576 (ibid).
1482 5507 1645 5572 »Quartam
1663 5509 1789 5568 istorum
1804 5521 1869 5574 ani-
