3976 6064
166 241 244 304 tuoe
709 227 879 294 nuceam
901 225 1071 288 ausuum
1092 223 1310 290 tuitiensis
1783 227 1877 290 ,tuot

168 371 306 432 stimonia
320 365 735 442 scripturarumquippeoum
748 379 824 420 unus
838 361 934 418 llcliae
951 359 986 416 de
1001 360 1027 428 Α
1042 362 1113 414 sunt
1126 357 1214 414 occisi
1230 356 1336 432 plagis,
1353 372 1448 429 neque
1461 355 1666 430 poenitentiam
1691 362 1816 431 egerunt
1832 359 1874 416 de

169 464 279 522 talibus
292 459 521 534 quadringentos
536 453 750 528 quinquaginta
764 452 842 509 viros
853 449 992 509 occiderit
1043 448 1180 521 operibus
1195 463 1336 506 manniam
1352 453 1585 517 suarum,ulnon
1597 449 1876 505 adorarentdaemo·

170 548 434 623 omnesprophetas
449 544 517 604 Baal
531 546 576 616 (ll'
590 543 746 618 Repressit).
757 543 847 616 Igitur
862 565 876 594 ιι
894 545 991 616 potes·
1043 536 1091 593 nla
1106 541 1135 594 at
1148 536 1308 596 simulacra
1336 552 1433 608 aurea,
1463 543 1492 594 et
1519 543 1667 610 argentea,
1686 541 1716 594 et
1739 555 1824 607 erec,
1841 543 1875 594 st

168 644 213 697 tas
226 654 369 712 equorum
388 637 420 693 in
435 651 483 692 ors
500 635 630 710 ipsorum
644 639 673 691 et
685 634 714 690 in
730 633 832 691 caudis
846 649 959 698 eorum,
976 652 990 683 ι)
1043 626 1168 700 lapidea,
1185 633 1214 684 et
1225 627 1332 700 lignea,
1344 643 1409 701 qua
1425 629 1629 702 nequcvidcre
1640 635 1763 702 possunt
1775 645 1874 701 oeque

167 729 196 784 id
208 731 437 800 ost,potsststem
449 741 538 798 quam
556 722 721 781 habuerunt
733 723 763 780 in
778 719 992 797 popalumDei‚
1044 717 1157 788 audire,
1173 733 1269 791 oeque
1283 717 1444 788 ambulare,
1461 723 1491 776 ct
1505 735 1562 776 non
1577 724 1698 790 egerunt
1721 718 1874 791 paoniten-

170 834 260 891 regna
272 816 333 886 illa,
350 815 433 872 malm
449 813 658 872 collocutiones
673 817 702 870 et
722 811 991 886 pseudoprophete,
1045 805 1116 864 tiam
1136 807 1172 864 ab
1188 807 1355 866 homicidiis
1384 807 1458 877 suis,
1486 824 1581 881 ncqne
1609 825 1626 864 a
1644 808 1793 866 veneficiis
1808 809 1875 866 suis

171 900 657 976 incantores,magistariolisive
680 899 831 976 aruspices
855 899 991 959 eumdem
1045 897 1374 968 nequoalornicationa
1403 913 1468 965 sua,
1498 914 1593 970 nsque
1620 915 1638 954 a
1663 898 1839 955 lunisonis.
1858 921 1875 950 ι

49 1054 54 1064 ,
170 993 311 1070 populum
327 986 918 1062 seducendoilliaacquisierunt,qualibus
930 1004 993 1043 ma·
1045 985 1162 1042 Certum
1174 987 1297 1058 estquis
1312 1003 1481 1046 nonomnes
1492 986 1626 1044 homines
1642 987 1719 1058 illos,
1735 987 1876 1046 homines

170 1084 249 1140 xime
264 1079 414 1154 Babylonii
436 1083 464 1138 el
490 1080 581 1138 Persea
610 1079 844 1136 abundaverunt.
862 1077 895 1134 lit
908 1077 993 1149 quasi
1046 1076 1192 1134 israelites
1202 1077 1387 1136 sivelodaeos
1401 1077 1525 1135 illorum
1537 1094 1692 1152 regnorum
1701 1095 1785 1152 reges
1796 1079 1877 1136 occi-

174 1187 320 1246 quaereres
332 1171 454 1228 undede
469 1169 570 1227 caudis
582 1167 712 1225 uttalem
726 1169 899 1240 potestatem
917 1168 993 1223 lece·
1046 1166 1238 1224 derunt.Nam
1250 1170 1280 1224 et
1294 1166 1453 1226 novissimo
1469 1167 1597 1236 illorum,
1613 1167 1726 1224 scilicet
1736 1171 1874 1226 llomauo

173 1263 243 1332 rint,
259 1260 396 1318 continuo
412 1258 584 1332 subjungit:
602 1281 615 1310 ι
629 1257 702 1314 Nam
719 1257 817 1316 cnudo
842 1273 941 1314 eorum
958 1257 995 1314 si·
1046 1257 1259 1330 imperio,quod
1272 1257 1608 1330 quaaihestisterrihilis
1619 1263 1707 1332 atque
1723 1259 1875 1316 mirabilis

174 1351 259 1410 miles
275 1349 471 1424 serpentibus,
486 1349 627 1408 habentes
640 1349 748 1422 capita,
765 1352 794 1404 et
809 1348 839 1406 in
866 1348 924 1404 illis
941 1363 994 1404 uo·
1047 1349 1152 1403 cuncta
1165 1347 1289 1404 comedit
1303 1350 1392 1421 atque
1411 1347 1587 1404 comminuit
1614 1347 1696 1422 (llum
1722 1349 1787 1420 vu),
1818 1348 1876 1405 ali·

172 1445 265 1502 cent.»
278 1439 395 1497 Similes
409 1443 480 1496 sunt
503 1438 699 1512 serpentibus,
715 1438 743 1496 id
771 1441 815 1494 est
843 1436 996 1494 imitantur
1047 1435 1098 1508 qni
1114 1437 1321 1509 superfuerunt
1335 1437 1385 1510 qui
1400 1436 1506 1510 captivi
1521 1439 1700 1496 ducerentur
1718 1438 1747 1494 in
1764 1454 1873 1495 omnes

172 1525 995 1603 malignosspiritus,suntqueplonispiritumandacii,qui
1047 1530 1159 1598 gentes.
1178 1527 1435 1600 ltemquccertunr
1466 1531 1521 1596 est,
1552 1527 1620 1600 qnia
1648 1528 1691 1584 sio
1720 1525 1877 1600 captivist

171 1616 997 1693 perserpentamprimnmnominsndceepit,«babentes—
1048 1614 1170 1686 dispersi
1186 1615 1387 1687 paenitentiam
1403 1633 1460 1674 non
1476 1622 1601 1691 egerunt
1613 1617 1649 1674 ab
1664 1616 1877 1674 homicidiiset

175 1707 994 1782 pitaetinilsnocent,ridestprincipibusetpctentibus,
1049 1703 1159 1759 catanis
1176 1703 1303 1776 peccatis
1318 1704 1391 1772 suis,
1411 1721 1480 1762 nam
1496 1703 1685 1777 nsquehodls
1699 1705 1816 1762 christo
1830 1720 1875 1761 re·

175 1799 295 1874 regibus
306 1797 739 1870 etimperatoribusadhaersnt,
751 1801 778 1853 at
788 1801 993 1871 corumpatro·
1048 1792 1139 1850 belles
1153 1793 1291 1864 existunt,
1320 1798 1350 1850 sl
1376 1793 1523 1852 Christum
1544 1794 1760 1868 blasphemant,
1780 1811 1873 1868 qnam

174 1891 251 1947 cialc
263 1888 420 1960 lulti,qnos
432 1889 633 1944 seducerenon
645 1887 752 1954 valent,
768 1903 900 1961 premere
915 1905 993 1960 pra·
1048 1887 1144 1957 patres
1160 1898 1262 1942 eorum
1276 1883 1455 1942 occiderunt.
1485 1885 1559 1952 Quid
1586 1887 1675 1958 igitur
1696 1886 1753 1943 crit
1780 1885 1842 1942 illis
1858 1885 1874 1940 t

170 1978 278 2050 valent,
296 1982 328 2035 ut
342 1978 474 2051 ipsorum
489 1976 533 2034 vel
554 1977 636 2034 inriti
665 1980 825 2050 aequantur
853 1993 991 2044 errorem,
1047 1973 1368 2041 Quidsuhaudiendnm
1381 1979 1426 2032 cst
1437 1976 1465 2030 in
1477 1975 1604 2031 dictione
1617 1974 1872 2048 hujusmodilFe·

171 2067 247 2124 »125
261 2069 345 2132 Nam,
360 2063 485 2138 exempli
500 2063 608 2137 gratia,
618 2064 649 2120 in
659 2063 724 2137 ipso
736 2063 825 2120 lsrael
837 2062 991 2136 propheta·
1047 2063 1103 2118 cim
1119 2062 1195 2120 enim
1212 2061 1353 2135 eclipsim,
1366 2063 1394 2120 id
1410 2068 1465 2134 est,
1480 2064 1625 2122 delectum
1649 2065 1806 2133 sermonis,
1824 2065 1873 2120 di·

171 2173 237 2214 rum
254 2152 323 2212 Bsal
335 2153 449 2211 lezabel
466 2158 554 2226 caput
569 2157 631 2210 erat
645 2153 746 2226 (ibid),
762 2157 791 2210 et
806 2169 858 2225 pro
878 2151 927 2208 tali
945 2168 993 2210 cs·
1047 2152 1150 2222 ccndo,
1166 2174 1180 2204 c
1197 2156 1224 2210 et
1239 2152 1333 2210 caleri
1348 2153 1494 2222 homines,
1524 2153 1573 2228 qui
1601 2171 1659 2212 non
1688 2160 1758 2212 sunt
1779 2154 1875 2212 occisi
1981 2227 1982 2236 ἵ

173 2245 285 2319 pitesic
296 2245 387 2301 lortea
398 2251 491 2311 erant,
507 2251 537 2300 ut
549 2244 748 2302 contradicere
768 2242 827 2300 illis
844 2258 929 2300 nemo
945 2258 994 2300 au·
1047 2241 1149 2320 plagis,
1166 2265 1176 2292 ι
1192 2250 1247 2298 otc.
1263 2242 1336 2308 Quid
1347 2258 1415 2316 ergo
1430 2242 1511 2300 arit‘l
1526 2243 1659 2316 nunquid
1674 2249 1761 2302 erunt
1777 2245 1877 2316 impu·

169 2353 221 2394 sus
232 2333 392 2402 lncrit‚nisi
404 2333 484 2390 solus
497 2331 601 2402 lleliaa,
613 2332 681 2390 licet
691 2337 794 2405 proter
807 2348 875 2388 sum
887 2331 993 2405 reliqui
1047 2330 1124 2388 niti?
1139 2331 1202 2390 Non
1219 2331 1331 2404 utique,
1347 2333 1396 2388 sed
1414 2332 1647 2390 subaudiendum
1663 2337 1718 2404 ost,
1738 2334 1808 2406 quia
1823 2334 1876 2406 ip·

171 2428 269 2484 essent
283 2428 396 2496 septem
408 2423 501 2480 millia
512 2423 652 2491 virorum,
669 2422 718 2496 qui
731 2438 789 2479 non
800 2425 991 2478 curvaverunt
1047 2419 1072 2476 si
1088 2420 1189 2479 bibant
1203 2421 1238 2478 de
1253 2420 1359 2493 phialis
1376 2421 1470 2494 plenis
1486 2422 1638 2480 iracundia
1664 2423 1716 2480 Dei
1746 2423 1900 2480 viventis·

176 2531 250 2590 genu
260 2519 327 2570 ante
337 2511 526 2570 scalconem
536 2512 621 2568 modo
634 2527 715 2584 reges
726 2510 950 2582 Babyloniorum
964 2515 993 2568 et
1047 2509 1139 2584 (loco.
1153 2511 1221 2584 avr).
1238 2510 1278 2568 De
1292 2511 1397 2582 quibus
1414 2527 1468 2568 suo
1483 2511 1547 2570 loco
1567 2513 1683 2585 plenius
1711 2513 1875 2570 dicendum

173 2603 339 2674 Persarum,
357 2605 586 2674 caeterorumqne
604 2617 771 2672 regnorum,
783 2602 993 2674 magisetsru·
1047 2600 1112 2670 orit,
1131 2603 1163 2656 ut
1179 2616 1236 2657 non
1252 2600 1347 2674 prosit
1360 2600 1404 2657 als
1418 2601 1495 2672 qood
1511 2602 1701 2673 corporaliter
1724 2619 1784 2660 uon
1809 2603 1876 2660 lua·
1981 2593 1982 2596 ¹

173 2693 304 2768 apicibus
315 2691 483 2766 suisoapila
494 2691 659 2760 fueruntne
671 2692 803 2764 ipsorum
817 2692 844 2748 vi
854 2691 914 2748 sive
925 2691 992 2765 gla-
1048 2694 1116 2746 runt
1129 2689 1227 2762 occisi,
1244 2707 1310 2749 cum
1324 2691 1355 2747 ia
1370 2696 1586 2750 clarusmons
1601 2693 1704 2750 anima
1720 2693 1781 2750 sint
1797 2693 1878 2750 deti-

172 2781 220 2838 dio
235 2781 417 2855 perficerent,
435 2778 513 2854 quod
542 2797 591 2838 ore
618 2796 670 2838 suo
686 2779 831 2853 loquendo
855 2780 916 2838 sive
932 2798 995 2842 sua.
1047 2778 1136 2837 nendi
1151 2783 1232 2838 tanto
1247 2781 1431 2854 proloodlus,
1463 2787 1574 2854 quarto
1600 2781 1630 2838 ln
1659 2783 1785 2854 peccatis
1808 2783 1876 2839 suis

168 2871 264 2928 dendo
280 2870 315 2927 de
331 2869 437 2945 populo
452 2886 553 2930 verum
570 2869 662 2928 Deum
678 2870 790 2930 colente
818 2872 912 2928 lacere
934 2887 993 2928 oon
1048 2873 1222 2943 permanent
1237 2870 1424 2944 pertinacius,
1434 2872 1484 2944 qni
1500 2877 1543 2930 tot
1558 2871 1705 2946 plagiavel
1721 2873 1871 2930 mortibus

169 2957 347 3034 possentlll'
359 2959 425 3029 lleg.
441 2957 511 3032 arr).
526 2981 540 3012 u
567 2959 708 3018 lltcmleri
721 2959 855 3019 homines
868 2959 919 3036 qui
935 2976 992 3018 non
1048 2960 1150 3033 attriti,
1168 2978 1225 3018 non
1238 2965 1308 3020 sunt
1323 2962 1358 3020 ad
1374 2962 1582 3034 percutientem
1598 2979 1630 3020 ee
1645 2964 1763 3020 reversi.

813 3319 974 3410 LIBER
1011 3318 1245 3411 SEXTUS·

211 3707 252 3772 Do
267 3714 379 3786 septem
395 3712 485 3779 tubis,
498 3729 557 3772 una
571 3717 704 3787 superest
731 3711 803 3773 tuba
825 3715 997 3784 novissima,
1013 3717 1035 3786 (1
1054 3715 1118 3788 ejus
1138 3714 1363 3788 descriptionem
1378 3717 1461 3774 valde
1475 3715 1588 3774 laborat
1602 3733 1668 3774 cur.
1680 3715 1769 3774 dicit:
1783 3717 1874 3777 «Dies

177 3809 334 3878 postquam
350 3805 420 3862 tuba
435 3804 580 3878 ejusmodi
613 3803 694 3864 nulla
718 3808 841 3864 cantura
864 3809 918 3863 est.
942 3809 997 3863 sax
1052 3802 1102 3859 ira
1117 3802 1178 3859 dies
1193 3802 1254 3868 illa,
1270 3803 1332 3859 dias
1360 3803 1559 3861 tribulationis
1588 3809 1615 3860 et
1643 3805 1795 3878 angustie,
1809 3806 1878 3862 dies

176 3894 255 3952 enim
270 3895 346 3952 tubos
362 3895 643 3964 cecinerunt,etoom
655 3898 770 3952 tanturn
783 3901 895 3968 septem
923 3897 996 3952 dats
1053 3893 1229 3951 calamitatis
1244 3898 1273 3950 et
1289 3893 1422 3962 miseric,
1440 3895 1502 3952 dies
1518 3893 1703 3952 tenebrarum
1729 3901 1759 3954 at
1773 3894 1877 3968 caligi-

176 3983 426 4052 luerint,totidem
441 3983 563 4057 angelis,
579 3983 701 4058 singule
712 3982 849 4057 singulis,
866 3985 996 4057 prolecto
1052 3983 1110 4050 nis,
1125 3983 1187 4040 dies
1204 3983 1314 4040 nebula
1331 3991 1359 4041 et
1373 3985 1511 4056 turbinis,
1525 3985 1586 4042 dies
1602 3987 1678 4042 tuba
1692 3990 1721 4041 et
1730 3986 1879 4058 clangoris

173 4075 369 4148 septimaque
385 4075 762 4148 superestncvissimaest,
778 4089 867 4146 qnam
878 4079 907 4130 et
922 4081 997 4145 apo·
1052 4071 1181 4146 (Sophos.
1194 4073 1224 4147 ι).
1242 4075 1318 4132 »Sed
1335 4075 1404 4147 quid
1416 4073 1517 4132 multis
1528 4075 1645 4133 nitimur
1669 4075 1879 4150 argumentis?

171 4161 265 4220 stolus
281 4179 339 4220 non
354 4162 491 4237 ignorans
502 4162 660 4220 Corinthiis
676 4162 763 4220 dicit:
782 4165 915 4219 «Omnes
928 4164 996 4234 qui·
1052 4162 1164 4218 Etenim
1179 4179 1230 4235 pro
1246 4169 1419 4237 argumento
1434 4163 1643 4236 magnitudinis
1651 4167 1727 4221 tubae
1738 4165 1818 4222 illius
1831 4165 1877 4222 vel

172 4251 451 4324 demresurgemcs,
477 4253 526 4310 sed
557 4268 616 4309 non
644 4251 877 4308 immutabimur.
907 4254 996 4308 canet
1052 4253 1454 4330 solomillndsuillcltquod
1472 4255 1791 4314 Filiuslteisuoillam
1821 4258 1878 4315 ad-

172 4343 250 4396 enim
266 4343 347 4411 tuba,
362 4347 392 4398 ot
406 4341 514 4398 mortui
528 4345 683 4414 resurgent
710 4341 871 4414 incorrupti
896 4341 921 4416 (l
933 4342 994 4400 Gor.
1050 4346 1139 4400 ventu
1155 4344 1314 4416 praevenirs
1325 4344 1446 4416 curavit,
1474 4349 1502 4402 et
1526 4345 1689 4404 declamare
1719 4346 1805 4402 nohis
1819 4363 1876 4403 sua

173 4427 232 4500 xv).
248 4451 263 4480 n
279 4430 353 4487 ltom
369 4431 405 4487 ad
422 4429 720 4488 Thessalonicenses:
750 4453 764 4476 u
780 4429 919 4499 Quoniam
934 4431 996 4504 ipae
1051 4449 1118 4490 uoce
1134 4435 1209 4505 quod
1224 4433 1274 4491 illa
1290 4433 1357 4492 talis
1370 4433 1441 4492 tuba
1456 4441 1581 4494 cantora
1596 4439 1644 4504 sit,
1662 4443 1761 4495 utnon
1778 4436 1877 4493 simus

169 4518 313 4575 Dominus
329 4518 359 4575 in
371 4520 459 4590 jussu
475 4524 503 4576 ei
518 4520 547 4576 in
563 4529 631 4577 voce
647 4518 823 4590 archangeli,
835 4525 864 4576 et
878 4519 908 4576 in
925 4521 995 4576 tuba
1051 4521 1198 4594 imparati.
1215 4523 1288 4580 Nam
1304 4527 1333 4580 et
1348 4524 1402 4580 hoo
1418 4525 1495 4598 quod
1511 4525 1654 4599 sequitur.

168 4607 445 4666 Deidcscendetde
471 4611 543 4668 coelo
573 4611 596 4683 (l
624 4611 713 4668 Thess.
732 4612 814 4682 ιν).»ι
832 4612 993 4682 anaidem,
1085 4617 1151 4669 Car.
1169 4611 1402 4670 X.-«ntvidi
1425 4615 1515 4672 alium
1541 4615 1678 4689 angelum
1703 4616 1876 4674 lortemde-

170 4697 304 4756 videlicet
318 4698 396 4771 quod
412 4699 474 4756 hac
489 4701 560 4757 tuba
575 4701 701 4773 septima
717 4700 878 4758 novissima
892 4701 940 4770 sit,
949 4703 994 4774 lu·
1048 4703 1236 4759 scandentem
1252 4703 1287 4760 do
1301 4703 1371 4760 emlo
1386 4704 1523 4762 amictum
1541 4708 1629 4774 nube,
1645 4710 1675 4762 et
1691 4707 1744 4763 iris
1765 4709 1827 4763 erat
1845 4707 1877 4764 in

169 4803 239 4846 rans
252 4787 299 4845 hio
311 4789 446 4861 protinus
463 4789 546 4847 lortis
567 4789 690 4863 angelus
725 4790 831 4846 astruit
860 4790 992 4858 dicendo,
1049 4791 1231 4862 captiosius.
1249 4813 1263 4843 ιι
1280 4793 1315 4850 ut
1330 4793 1456 4850 subinde
1473 4811 1479 4852 :
1498 4815 1511 4847 ι
1528 4795 1563 4851 nc
1575 4795 1697 4868 angelus
1712 4811 1798 4868 quem
1815 4795 1876 4852 vidi

169 4878 241 4949 quia
254 4882 367 4951 tempus
378 4878 505 4950 amplios
521 4896 579 4937 non
594 4879 660 4948 erit,
676 4879 727 4935 sed
743 4878 772 4934 in
787 4878 891 4936 diebus
914 4883 993 4938 vocis
1048 4879 1152 4936 levavit
1168 4897 1289 4938 monum
1305 4899 1387 4940 suam
1403 4881 1433 4939 in
1449 4883 1566 4953 caelum,
1583 4889 1612 4940 et
1623 4883 1732 4956 juravit
1757 4901 1809 4958 per
1827 4886 1876 4940 vi-

169 4967 287 5040 septimi
304 4969 399 5042 angeli
411 4969 604 5043 cumospsrit
618 4969 689 5026 tuba
719 4984 832 5038 canere,
860 4985 995 5028 consum·
1047 4976 1162 5028 ventem
1174 4970 1203 5026 in
1215 4969 1321 5027 ascula
1331 4971 1504 5028 seculorum
1516 4987 1527 5035 ,·
1538 4973 1588 5045 qui
1600 4973 1709 5029 creavit
1726 4973 1833 5030 coelum
1848 4977 1879 5031 et

170 5057 300 5114 mahitnr
315 5059 487 5132 mysterium
516 5059 578 5127 Dei,
609 5057 685 5114 sicut
717 5057 925 5132 evangelizavit
944 5077 994 5134 per
1052 5059 1877 5136 eoquoineosunt,alternameteaquaeineasunt,

176 5161 353 5205 servossuos
363 5146 594 5221 prophetasltic
604 5145 704 5216 timor,
720 5150 901 5206 attremoret
914 5149 997 5208 valde
1013 5123 1035 5188 D
1051 5153 1080 5206 et
1092 5165 1170 5208 more
1185 5155 1213 5208 et
1227 5167 1261 5208 ca
1271 5169 1334 5224 quae
1354 5151 1385 5209 in
1400 5152 1738 5227 illosuut,quiatempns
1748 5154 1879 5228 amplius

168 5235 873 5310 terribilisexspectatioest.Nonenlmhoctuba
885 5240 997 5297 ceteris
1052 5257 1108 5296 non
1125 5241 1188 5313 erit,
1203 5243 1252 5298 sed
1270 5242 1299 5298 in
1312 5242 1506 5302 diebusvocis
1527 5245 1647 5318 septimi
1676 5245 1784 5318 angeli,
1809 5263 1876 5304 com

168 5325 333 5394 consimilia
347 5326 544 5384 existimanda
556 5330 610 5397 est,
627 5325 703 5384 alius
718 5327 829 5399 lragor,
845 5328 903 5385 alia
923 5334 995 5388 tem·
1051 5333 1169 5404 caeperit
1183 5332 1254 5390 tuba
1274 5351 1388 5403 cancre,
1413 5337 1670 5394 consummabitur
1699 5337 1876 5412 mysterium

170 5416 370 5487 posteaquam
385 5417 413 5472 ln
425 5415 537 5473 coleris
548 5415 683 5473 cantibus
700 5416 849 5484 tubarum,
870 5419 898 5476 in
915 5419 996 5477 illius
1051 5421 1113 5494 Dei,
1126 5423 1204 5479 sient
1217 5425 1483 5501 evangelizavitper
1493 5443 1594 5485 servos
1605 5445 1676 5486 suos
1688 5428 1875 5502 prophetas.»

171 5501 251 5559 tuba
264 5505 404 5579 clangore
420 5507 610 5580 comparebit.
625 5505 697 5565 llam
715 5515 740 5563 et
755 5507 897 5582 propheta
920 5511 997 5569 circa
1051 5512 1121 5580 Quis
1136 5513 1269 5572 animilia
1284 5519 1329 5572 est
1344 5517 1537 5590 angelus,nisi
1550 5517 1681 5592 angelus
1694 5517 1795 5596 magui
1807 5535 1875 5578 con·
1979 5553 1980 5582 l
