3952 6056
133 215 190 274 3Π

676 219 873 282 ΟΟΜΜΕΝΤ.
898 221 938 281 IN
960 217 1071 282 tuta.
1095 251 1134 263 ·—
1155 217 1226 279 Llll.
1250 219 1303 280 IV.

1778 219 1837 282 378

131 347 162 404 id
179 351 234 420 est,
251 365 314 420 que
329 349 388 405 illis
409 349 555 422 promissa
585 357 631 410 est
645 353 848 410 universarum
874 353 961 410 bene·
976 355 1003 421 Α
1019 353 1088 408 bant
1100 367 1166 408 eum
1185 356 1216 408 ut
1233 350 1272 406 ibi
1290 354 1430 420 maneret,
1446 353 1474 406 et
1485 350 1594 407 mansit
1606 350 1646 407 ibi
1658 351 1732 408 duos
1746 353 1835 410 dtas.»

1016 445 1050 499 tlt
1069 443 1135 510 lroc,
1154 447 1187 499 ut
1202 447 1315 510 crotera,
1328 442 1482 498 manifeste
1497 442 1525 496 in
1538 443 1839 513 comparationelero-
1944 516 1949 529 ,

134 438 223 494 dictio
238 438 384 510 gentium,
402 455 418 494 s
433 439 517 496 vobis
532 441 739 514 prediceretur
762 443 885 516 impleta
899 459 962 498 osse

133 532 161 583 et
176 527 370 584 annuntietur
386 544 436 600 per
454 529 623 588 uniuersum
637 532 791 588 mundum.
803 532 959 604 Sequitur:

170 637 183 665 u
200 615 241 672 lle
256 617 373 674 ciuitate
384 620 481 676 autem
494 618 545 676 illa
560 619 843 676 multicredidorunt
853 622 882 676 in
894 636 960 676 eum

134 708 397 776 Samaritanorum,
413 713 533 781 propter
547 711 667 766 verbum
681 710 813 767 mulieris
828 711 961 768 testimo·

138 796 222 851 nium
238 795 437 868 perbibentis:
454 797 607 865 Ouiadixit
619 798 689 854 mihi
705 799 805 855 omnis
820 814 960 872 quecun-

135 901 193 956 que
208 884 272 940 leci.
291 905 305 934 a
319 889 414 942 Locus
441 887 495 943 iste
511 903 576 944 eum
593 887 642 944 illo
672 889 889 962 comparandus
904 890 960 955 est,

135 989 195 1044 quo
210 972 296 1047 longe
311 974 449 1046 superius
463 975 573 1032 dictum
590 981 635 1032 est
647 993 653 1031 :
667 1000 681 1028 ιι
691 976 764 1032 Cum
776 981 873 1034 entem
885 979 963 1033 esest

134 1065 165 1118 in
180 1061 369 1136 ierosolymis
385 1064 414 1120 in
430 1064 476 1121 die
492 1065 596 1136 testa»
612 1066 960 1140 videlicetinpatrlssus,

136 1151 214 1208 inter
229 1151 409 1210 contribules
426 1171 506 1224 suos,
521 1178 531 1206 ι
547 1156 632 1212 multi
643 1156 870 1214 credideruntin
881 1171 961 1224 eum,

134 1241 269 1298 uidentes
285 1243 370 1316 signa
380 1261 446 1316 quae
457 1244 675 1317 faciebat(lcoa.
694 1247 733 1320 n).
748 1270 761 1296 n
792 1245 845 1304 llic
860 1249 888 1302 et
903 1245 962 1300 illic

136 1327 223 1384 multi
241 1331 430 1388 crediderunt
444 1332 472 1388 io
485 1349 564 1400 eum,
582 1334 677 1406 inquit
691 1335 963 1407 evangelistacau·

135 1437 245 1492 aesque
256 1422 381 1492 subjecit
395 1423 480 1494 longe
495 1422 636 1480 diversas.
653 1447 667 1476 n
678 1422 733 1494 llli,
744 1425 851 1496 iuquit,
867 1425 960 1482 credi·

1015 532 1194 605 solymorum
1211 531 1321 588 dictum
1338 536 1383 587 est
1403 532 1562 604 [locrarii.
1579 529 1650 586 Cum
1663 531 1741 588 enim
1765 534 1838 590 civi-

1014 625 1104 677 tatem
1121 621 1197 677 ultro
1212 619 1360 676 introisset
1370 619 1480 692 (Metti.
1492 619 1562 691 xrs),
1577 625 1605 676 et
1618 619 1648 674 in
1666 621 1774 694 templo
1790 623 1838 678 do·

1015 709 1133 778 coisset,
1158 709 1291 766 etmulti
1320 708 1511 764 credidissent
1539 709 1568 764 in
1595 725 1661 766 eum
1689 711 1837 784 (tuc.1v),

1015 821 1030 850 «
1046 798 1178 856 videntes
1193 799 1278 870 signa
1306 815 1370 869 qua
1385 797 1521 863 saciabat,
1552 815 1608 854 uon
1624 805 1720 856 tumen
1750 798 1836 858 lesus

1015 888 1152 944 credebat
1167 903 1199 942 se
1213 887 1311 960 ipsum
1340 885 1400 942 illis
1424 887 1522 958 (loun.
1540 888 1583 959 n).
1601 911 1615 938 a
1645 893 1704 945 tlcc
1732 905 1837 960 nempe

1016 975 1168 1032 sciendum
1185 976 1261 1048 quod
1274 979 1360 1030 tante
1377 973 1461 1031 luerit
1475 977 1697 1048 paupertatis,et
1712 977 1752 1034 ite
1763 979 1834 1035 nulli

1015 1064 1152 1121 adulatus
1168 1065 1215 1134 sit,
1232 1067 1265 1120 ut
1280 1065 1309 1119 in
1327 1065 1397 1120 urbe
1413 1081 1531 1138 magna,
1547 1065 1660 1122 nullum
1677 1065 1834 1140 hospitem,

1016 1151 1126 1208 nullam
1143 1152 1219 1208 102
1246 1151 1385 1208 inveniret
1417 1152 1611 1218 mansionem,
1640 1153 1691 1208 sad
1717 1154 1746 1210 ln
1767 1170 1836 1226 agro

1016 1241 1137 1314 parvulo
1151 1242 1228 1312 apud
1244 1246 1397 1308 Lazarum,
1414 1258 1586 1313 sororesque
1601 1243 1665 1314 ejus
1680 1243 1835 1314 babitaret,

1016 1329 1127 1388 scilicet
1142 1331 1171 1386 io
1185 1329 1337 1399 Bethania,
1352 1331 1401 1401 qui
1426 1346 1527 1386 corum
1543 1330 1658 1388 viculus
1685 1337 1758 1404 erat,
1774 1334 1837 1405 jam

1016 1425 1085 1476 tuac
1102 1419 1202 1491 utique
1218 1419 1313 1492 reipsa
1328 1419 1525 1491 experimento
1547 1420 1676 1492 cupieos,
1702 1423 1779 1494 quod
1804 1423 1834 1478 in

136 1509 245 1565 darunt
258 1509 288 1566 in
304 1527 383 1584 euru,
400 1511 530 1569 videntes
541 1513 637 1585 signa,
653 1530 716 1586 que
732 1513 855 1570 iaciebat
865 1530 898 1577 :a
914 1513 961 1568 isti
1017 1509 1111 1581 patria
1125 1525 1189 1576 sua,
1206 1507 1402 1579 cujuscivilas
1414 1507 1461 1564 illa
1472 1513 1534 1565 erat
1547 1509 1702 1582 precipuo,
1720 1510 1835 1566 nullum

132 1600 388 1671 proptervsrbum
405 1601 959 1674 mulierietestimoniurnperbibentis.
1015 1598 1263 1655 habiturusesset
1282 1596 1432 1653 bonorem.
1453 1597 1483 1652 ln
1512 1596 1685 1670 illaquippe
1708 1598 1834 1665 civitate,

133 1687 216 1751 Quod
224 1690 960 1764 omniuoinsuggillationcmludecrunrlegendum
976 1723 999 1788 B
1016 1687 1059 1742 vel
1077 1686 1168 1757 patria
1183 1703 1246 1754 sua,
1263 1684 1364 1758 vulpes
1379 1686 1474 1742 foveas
1485 1685 1641 1752 habebant,
1659 1687 1836 1768 elysolucres

137 1780 456 1849 sst,qnemadmodum
476 1785 505 1836 et
523 1780 593 1837 illud
619 1782 695 1854 quod
727 1781 960 1853 aitApostolus:
1017 1776 1200 1845 coelinidos3
1226 1776 1315 1832 idest
1345 1773 1484 1832 malitiosi
1508 1791 1541 1832 ac
1571 1777 1714 1848 superbie
1732 1776 1837 1850 pennis

133 1889 146 1912 α
165 1864 238 1932 Quia
253 1865 345 1923 Judaei
362 1869 447 1940 signa
468 1875 584 1941 potunt,
614 1875 643 1926 et
670 1869 761 1926 Greci
786 1870 959 1942 sapientiam
1015 1864 1083 1922 clati
1099 1865 1222 1937 spiritus
1234 1863 1365 1936 maligni,
1379 1865 1692 1921 mentiaminfidelium
1709 1865 1837 1938 hospitia

133 1955 289 2027 requirunt
315 1957 336 2027 ll
352 1957 419 2012 Cor.
435 1962 465 2026 r).
483 1981 498 2008 a
524 1959 598 2026 Quia
621 1957 757 2016 videlicet
779 1959 873 2015 ludrei
889 1961 960 2016 dum

132 2045 288 2116 signorum
299 2046 454 2102 vanitatem
472 2053 646 2120 quererent,
662 2049 775 2121 decepti
789 2054 858 2104 sunt
869 2066 880 2110 ,·
890 2066 961 2122 gen·

134 2133 201 2190 tiles
216 2149 294 2204 veru,
316 2135 387 2190 dum
403 2135 569 2192 rationabili
586 2137 734 2210 sapientire
763 2153 897 2194 sermone
912 2139 961 2194 de·

1016 1954 1230 2023 compleuerant
1245 1958 1274 2010 et
1288 1953 1317 2008 in
1335 1953 1392 2010 illis
1408 1952 1837 2012 cubitibusbabitabantt‘ilius

1015 2056 1112 2100 autem
1130 2042 1258 2098 bominis
1274 2059 1331 2098 aon
1348 2041 1473 2097 balrebat
1488 2042 1537 2097 ubi
1554 2047 1738 2115 ceputsuum
1751 2044 1836 2100 rccli-

1017 2139 1098 2188 naret
1115 2131 1218 2204 lllrrttlr.
1234 2133 1304 2202 vrit),
1321 2131 1349 2186 id
1365 2135 1421 2200 cst,
1438 2146 1563 2202 quorum
1579 2131 1658 2202 fidei,
1673 2131 1836 2190 divinitatis

134 2221 234 2280 laetati
250 2227 330 2290 sont,
346 2223 459 2280 veritati
476 2223 600 2282 libenter
615 2226 832 2298 acquieverunt.
847 2227 920 2294 Quid
937 2228 962 2283 si
1016 2238 1075 2277 sttffi
1092 2234 1196 2274 nomen
1216 2220 1257 2273 lfll
1269 2223 1486 2274 llsslflfflessfflffl
1512 2219 1650 2286 ὓΐθῑῖθιθῐν
1667 2225 1695 2274 ⁰²
1721 2226 1838 2292 propter

137 2327 238 2367 coram
253 2313 295 2368 eis
311 2328 417 2384 aquam
436 2313 464 2368 in
489 2314 589 2370 vinum
620 2316 812 2372 convertisset
836 2316 879 2370 vel
905 2315 964 2372 tals
1016 2310 1070 2366 boc
1086 2309 1114 2364 in
1132 2309 1233 2366 endem
1250 2307 1376 2371 ciuitate,
1394 2307 1443 2362 ubi
1459 2308 1839 2380 erantsancta,patriasua

135 2401 210 2472 quid
221 2403 298 2473 apud
316 2401 382 2458 illos
393 2403 519 2473 lecisset,
532 2401 632 2476 qualia
643 2403 736 2462 multa
749 2403 815 2460 tecit
826 2404 855 2460 in
868 2405 964 2478 petrin
1016 2406 1094 2456 recte
1111 2415 1162 2456 nec
1177 2415 1236 2454 una
1252 2396 1355 2454 saltem
1372 2401 1453 2454 nocte
1465 2397 1607 2470 hospitari
1624 2397 1783 2470 aliquando
1799 2399 1840 2454 di-

136 2505 203 2556 sua,
220 2488 331 2546 scilicet
351 2492 379 2546 io
398 2490 516 2548 Galilaea
530 2490 573 2547 vel
602 2491 632 2547 io
649 2497 708 2548 tota
726 2493 844 2563 tudem
865 2493 889 2548 si
914 2511 962 2550 oa·
1018 2493 1193 2562 gustasset.
1210 2490 1329 2543 atvero
1344 2491 1456 2559 gentse,
1471 2487 1571 2542 audito
1588 2487 1653 2558 ejus
1669 2486 1837 2560 llvaogelio,

137 2577 222 2632 stella
232 2577 275 2633 vel
306 2577 436 2636 civitates
456 2595 555 2636 eorum
580 2579 725 2636 circuiens
752 2581 909 2652 docuisset,
935 2587 964 2640 et
1018 2577 1117 2650 vulpes
1128 2577 1194 2632 illes
1210 2581 1239 2632 et
1253 2574 1387 2632 volucres
1403 2575 1437 2631 de
1454 2576 1543 2632 foveis
1556 2580 1585 2631 et
1598 2576 1685 2645 nidis,
1702 2576 1729 2632 id
1746 2578 1839 2645 cst,do

139 2683 198 2722 non
215 2667 314 2738 potius
329 2667 509 2740 praecipisset
520 2668 662 2742 apostolis
673 2669 746 2738 suis,
758 2686 826 2726 cum
836 2670 964 2728 mitteret
1017 2668 1153 2726 cordibus
1170 2666 1232 2724 suis
1247 2665 1421 2740 templisque
1436 2667 1530 2722 eteris
1541 2667 1666 2738 effugere
1681 2667 1838 2736 habebant,

137 2753 681 2826 eosadpradicaodumzalnviam,
708 2757 962 2830 inquiens,gcnti-
1018 2759 1235 2814 etitndemum
1266 2756 1352 2828 capiti
1368 2754 1431 2810 Filii
1462 2755 1589 2812 bominis
1619 2751 1862 2814 reclinatorium

137 2843 212 2899 lium
229 2843 416 2910 nesbieritis,
431 2846 499 2900 etin
515 2845 646 2902 civitates
661 2845 912 2903 Samaritanorum
927 2863 963 2904 ne
1018 2861 1189 2918 praeparare,
1207 2844 1352 2901 etidcirco
1383 2845 1548 2916 nuncapud
1566 2843 1631 2900 illes
1660 2844 1838 2916 alienigenas

136 2931 319 2988 intraveritis
341 2933 535 3004 (ilaritate
561 2932 696 2990 videlicut
716 2951 752 2990 ne
780 2935 962 2992 occasionem
1018 2935 1196 3004 taliordtne,
1226 2931 1351 2989 imotali
1380 2931 1610 3006 prefiguratione
1639 2932 1840 3006 dignatusest

135 3023 219 3078 daret
243 3021 365 3092 ludaeis,
395 3023 478 3093 qussi
510 3023 722 3080 rationabiliter
754 3025 961 3082 contemnendi
977 3068 999 3136 C
1018 3039 1212 3081 commanere.
1239 3021 1458 3078 Mansitautcm
1489 3020 1649 3092 apudillos
1678 3021 1839 3078 duosdics·

136 3109 340 3182 Evangelium,
354 3109 462 3183 quibus
479 3111 603 3167 missum
613 3112 709 3168 luerat
722 3111 776 3168 boc
788 3113 906 3169 verbum
918 3129 963 3170 se·
1017 3113 1090 3182 Quia
1105 3111 1238 3168 videlicet
1250 3110 1381 3167 Ecclesia
1397 3127 1455 3166 succ
1465 3111 1674 3182 duoprcecepta
1685 3109 1838 3166 charitatis

135 3198 207 3254 lutis
221 3198 235 3253 ‘l
250 3197 330 3254 Unde
345 3215 402 3258 uun
419 3199 524 3256 mirum
541 3200 751 3274 quodquidam
768 3202 962 3258 Samaritano·
1018 3205 1183 3271 insinuens,
1200 3205 1229 3256 et
1243 3200 1273 3256 in
1292 3199 1426 3271 prasenti
1442 3203 1471 3254 et
1486 3200 1515 3254 in
1532 3201 1628 3255 t'uturo
1644 3200 1749 3256 seculo
1760 3215 1836 3255 scm-

135 3302 202 3341 rum
220 3289 319 3358 postea
336 3286 377 3342 sic
392 3287 495 3343 cilensi
510 3291 590 3355 sunt,
603 3293 635 3344 ut
650 3288 776 3362 quedam
787 3289 899 3346 dienen
916 3307 963 3346 re·
1017 3307 1068 3366 per
1083 3293 1259 3358 commouet,
1275 3293 1303 3346 et
1318 3289 1346 3344 ia
1365 3293 1487 3360 utroque
1503 3289 1619 3356 seculo,
1646 3292 1787 3361 tanquam
1807 3289 1836 3344 in

133 3375 267 3446 ceperint
279 3391 357 3446 eum,
375 3393 426 3448 pro
443 3393 487 3446 ou,
504 3377 571 3448 quia
595 3375 685 3432 iacies
705 3378 770 3450 ejus
785 3381 845 3434 erat
864 3379 960 3435 cuntis
1017 3381 1132 3436 duobus
1147 3379 1215 3440 totis
1231 3379 1333 3434 diebus
1349 3379 1424 3449 ejus,
1449 3374 1489 3432 illi
1506 3378 1599 3451 gratia
1629 3395 1685 3433 non
1703 3377 1837 3434 delatura

135 3465 164 3520 in
180 3463 343 3521 Jerusalem
358 3490 365 3533 ;
382 3482 437 3521 non
454 3470 551 3522 tamen
566 3482 667 3523 omnes
682 3465 736 3538 illi,
752 3465 794 3522 vel
806 3466 961 3540 discipulis
1016 3475 1070 3527 cst.

133 3555 200 3625 ejus
217 3553 408 3625 inhospitales
428 3555 558 3610 lucrant:
575 3554 646 3612 Nam
664 3577 677 3606 ιι
692 3555 838 3624 abierunt,
864 3557 961 3630 inquit
1051 3581 1064 3608 α
1082 3559 1117 3614 Et
1131 3559 1222 3615 multo
1237 3557 1334 3630 pluras
1349 3557 1535 3612 crediderunt
1546 3561 1835 3630 proptersormonem

133 3641 364 3715 evangelistam
376 3643 455 3699 aliud
476 3643 810 3718 reassumpsisse.»
831 3645 959 3718 Denique
1014 3649 1089 3719 ejus,
1106 3651 1134 3702 et
1149 3647 1265 3704 mulieri
1288 3646 1442 3702 dicebant:
1459 3647 1531 3712 Quia
1552 3647 1613 3716 jam
1644 3663 1700 3700 non
1719 3649 1836 3718 propter

131 3733 226 3788 iudei
244 3731 354 3788 nullam
370 3729 413 3788 vel
430 3730 521 3789 levem
537 3731 719 3789 occasionem
736 3734 959 3806 blasphemandi
1014 3744 1095 3793 tuam
1113 3735 1256 3808 loquelam
1273 3737 1418 3792 credimus
1432 3752 1439 3801 ;
1455 3735 1509 3803 ipsi
1524 3735 1601 3790 enim
1619 3734 1835 3802 andivimus,et

134 3820 408 3893 pretermittebant.
422 3821 571 3893 Siquidem
587 3838 653 3877 cum
671 3823 897 3894 improperantes
912 3824 957 3878 di-

133 3925 200 3966 cere
230 3909 372 3982 coeperint
400 3908 484 3965 illum
514 3911 729 3967 samaritanum
767 3913 852 3982 (loun.
882 3913 956 3984 vrri),

134 4003 289 4072 propterea
306 3996 499 4070 quialccutus
513 4003 632 4054 ealcum
649 4000 702 4064 eis,
713 4005 742 4055 et
757 4001 865 4056 mansit
880 4017 957 4057 nunc

134 4089 213 4158 apud
231 4086 298 4144 illos
314 4087 447 4156 biduom,
463 4091 621 4160 antequam
642 4089 754 4144 Joanne
769 4090 886 4158 tradito,
904 4107 956 4163 pu·

132 4177 247 4234 blieum
264 4180 442 4252 suscepisset
453 4179 628 4250 praedicandi
640 4180 767 4236 olfieium
779 4197 786 4248 ;
800 4180 956 4239 multoma-

130 4269 190 4341 gis,
208 4269 232 4324 si
243 4271 319 4338 apud
333 4268 399 4324 illos
410 4269 605 4340 predicenset
615 4269 756 4326 miracula
769 4270 877 4326 iaciens
890 4289 956 4327 cum

129 4356 290 4428 discipulis
301 4357 363 4413 sois
374 4361 581 4425 commaneret,
599 4357 775 4414 occasionem
793 4359 877 4430 quasi
890 4360 958 4434 legi·

129 4446 204 4501 time
230 4445 437 4502 contemnendi
467 4445 656 4518 Evangelium
682 4447 863 4518 praebuisset.
883 4433 996 4513 Ouidi)

131 4551 216 4606 ergo,
232 4536 365 4605 inquam,
380 4541 519 4604 quantam
532 4540 617 4607 putas
635 4551 759 4592 messem
776 4538 957 4610 degentibus

128 4624 312 4694 collegisset,
327 4625 351 4678 si
368 4641 401 4679 co
417 4629 549 4696 tempore
572 4631 630 4680 tam
662 4625 854 4681 Sacraritanis
870 4643 957 4699 quam

128 4712 251 4770 coeteris
267 4713 412 4784 gentibus.
429 4715 623 4786 perseipsum
641 4715 797 4784 predicare
812 4716 955 4771 decrevis-

127 4803 199 4858 set‘l
214 4803 397 4874 Quapropter
407 4818 472 4856 curn
489 4803 588 4874 patria
602 4819 660 4858 sue
676 4802 845 4858 civitatibus
859 4821 958 4877 enpro-

128 4893 239 4957 braret,
259 4893 373 4960 poteret
397 4889 487 4958 idem,
502 4891 577 4960 quod
595 4891 629 4945 de
645 4891 718 4962 'l'pro
743 4899 770 4946 et
789 4892 906 4960 sidone,
922 4895 956 4949 do

124 4977 262 5034 Samaria
277 4993 392 5049 quoquo
407 4977 513 5044 dicere,
529 4978 598 5050 quia
614 5001 627 5028 a
645 4977 709 5032 siin
727 4979 859 5035 Samaria
875 4980 955 5037 lacta

127 5069 259 5123 tuissent
275 5067 396 5120 virtutes
412 5083 475 5137 qus
492 5067 572 5121 tactae
598 5076 666 5121 sunt
680 5066 709 5122 in
731 5069 823 5138 vobis,
838 5067 907 5126 olim
924 5071 954 5126 in

125 5158 225 5211 cinere
237 5158 264 5209 et
278 5152 374 5209 cilicio
396 5155 594 5225 penitentiam
610 5155 739 5227 egissent
757 5157 865 5230 (illcrtllr.
882 5161 953 5228 ιη.»

123 5247 212 5318 Ergo,
229 5243 299 5315 quia
325 5259 381 5297 aon
400 5250 515 5314 propter
531 5243 617 5316 signa
635 5263 698 5316 que
713 5247 796 5302 nulla
809 5247 953 5314 videraut,

124 5333 175 5388 scd
194 5341 311 5403 propter
340 5329 461 5402 idqucd
492 5333 603 5387 dictum
634 5341 688 5402 est,
722 5335 952 5392 credideruntin

127 5420 390 5492 eom.A11‹liquod
407 5421 557 5492 seqrritur;

164 5511 262 5566 «Cam
280 5509 428 5566 venissent
443 5527 510 5584 ergo
526 5511 561 5566 ad
578 5526 642 5567 sum
659 5512 846 5581 Samaritani,
869 5529 953 5587 roge·

1013 3825 1329 3896 scimusquiahicost
1357 3839 1422 3879 vere
1451 3821 1582 3878 Salvator
1611 3823 1722 3876 raaudi.
1741 3822 1830 3877 »Non

1014 3917 1123 3970 l'rustrn
1151 3915 1198 3969 bic
1229 3913 1415 3984 evangelista,
1440 3913 1486 3968 cui
1515 3911 1685 3968 sublimiora
1711 3927 1832 3984 quaque

1012 4005 1138 4061 scribere
1154 4003 1334 4075 propositum
1346 4006 1401 4070 est,
1420 4003 1549 4074 haecque
1562 4000 1668 4058 leviora
1685 3999 1832 4068 videntur,

1014 4101 1072 4150 tam
1086 4093 1242 4164 diligenter
1259 4097 1429 4164 prosecutus
1458 4097 1512 4148 ast.
1536 4092 1630 4163 Supra
1648 4090 1720 4145 dixit
1737 4107 1743 4144 :
1761 4087 1833 4153 Quia

1014 4186 1131 4256 propter
1145 4183 1266 4237 verbum
1282 4181 1411 4236 mulieris
1426 4181 1623 4248 erediderunt,
1639 4195 1718 4234 nunc
1733 4177 1835 4234 multi-

1014 4272 1128 4345 plicatis
1157 4271 1356 4338 credentibus,
1385 4270 1531 4336 dicebant,
1571 4269 1669 4341 inquit
1696 4267 1832 4323 mulieri:

1013 4385 1026 4412 a
1044 4361 1117 4424 Quia
1129 4359 1189 4430 jum
1207 4377 1263 4416 non
1280 4357 1639 4432 proptertuumloquelem
1656 4356 1832 4412 eredimusu

1012 4447 1174 4521 Utrumque
1190 4449 1315 4504 scribere
1327 4450 1448 4514 curavit,
1465 4453 1492 4503 ot
1503 4447 1697 4519 quiapropter
1712 4447 1832 4501 verbum

1014 4538 1472 4610 illiuscrediderunt,stquiejam
1489 4543 1671 4608 nonpropter
1685 4535 1831 4606 loquelam

1012 4629 1076 4700 ejus
1093 4627 1209 4684 eredere
1225 4645 1255 4682 se
1272 4627 1416 4682 dixerunt.
1434 4627 1491 4682 Cur
1507 4627 1571 4692 boc,
1588 4625 1724 4697 nisiquia
1736 4623 1832 4680 dcillo

1013 4735 1064 4790 per
1077 4717 1229 4772 mulierem
1246 4716 1363 4788 quidem
1382 4715 1519 4785 primitus
1547 4715 1714 4779 audieruut,
1731 4715 1781 4769 sed
1797 4731 1834 4770 ne

1012 4807 1127 4862 levitate
1142 4805 1208 4862 duci
1223 4811 1251 4861 et
1266 4804 1346 4860 omni
1377 4812 1461 4860 vento
1488 4802 1627 4858 doctrinae
1652 4803 1832 4856 circumferri

1012 4897 1188 4961 viderentur,
1206 4893 1298 4965 ipsius
1310 4891 1467 4948 salvatoris
1483 4891 1570 4946 verba
1579 4889 1691 4960 judicio
1709 4889 1831 4958 proprias

1011 4981 1132 5040 rationis
1149 4983 1302 5054 diligenter
1317 4981 1556 5038 examinaverunt
1570 4979 1677 5048 (Eplres.
1691 4977 1736 5047 rr).
1761 4975 1832 5030 Pro·

1011 5083 1073 5146 pter
1087 5072 1156 5144 quid
1169 5077 1265 5128 autem
1282 5071 1458 5128 credimussi
1476 5087 1532 5124 non
1545 5070 1607 5139 jam
1618 5071 1736 5139 propter
1749 5075 1827 5121 tuem

1009 5159 1154 5232 loquelam
1167 5159 1312 5215 credimus
1327 5159 1340 5214 ‘l
1357 5182 1371 5208 (ι
1390 5157 1446 5230 lpsi
1465 5157 1542 5212 enim
1560 5153 1830 5219 andivimusetsci·

1010 5266 1087 5312 mus.
1105 5247 1170 5318 quis
1185 5247 1232 5302 bic
1248 5251 1292 5302 est
1306 5263 1371 5302 aare
1385 5245 1514 5300 Salvator
1529 5241 1641 5307 mundi,
1658 5263 1672 5292 »
1697 5243 1829 5297 Nolendo

1009 5353 1079 5393 sano
1093 5337 1185 5408 magis
1200 5353 1232 5390 ac
1248 5335 1340 5404 magis
1357 5331 1537 5388 rationabilis
1548 5329 1679 5388 celeritas
1692 5328 1829 5399 alienige-

1008 5423 1415 5496 narumadcredendumbec
1428 5422 1671 5494 propterverbum
1686 5417 1828 5485 rrrrrlieris,

1007 5529 1059 5570 nec
1075 5513 1183 5569 idcirco
1197 5513 1274 5583 quod
1289 5511 1373 5582 signu
1392 5511 1535 5581 viderunt,
1553 5509 1626 5566 scire
1651 5507 1694 5563 sel
1710 5507 1826 5563 credere
1850 5525 1857 5538 ·
