3978 6062
188 293 266 356 1435

727 285 900 348 educari
922 283 1092 350 neentis
1116 285 1345 353 TUii'lENSiS.

1833 283 1895 346 iiii

189 425 283 482 dicere
296 421 380 492 piget,
404 419 469 490 quia
483 417 544 488 ipse
560 415 622 478 init.
635 415 669 472 de
685 419 829 487 quocirca
846 418 932 476 ilnem
950 417 1009 488 pri·
1023 423 1049 489 Α
1072 420 1158 492 igitur
1176 420 1249 492 ignis
1263 436 1346 493 quero
1362 421 1492 478 sacerdos
1507 419 1754 491 nutriret‚qnique
1778 419 1819 474 de
1830 419 1895 474 stur

191 512 229 570 mi
245 510 467 567 Machabaenrum
483 507 546 562 libri
559 508 682 564 narratio
697 509 850 576 coaptasse
868 523 925 564 nun
940 525 1010 565 eou-

189 603 327 658 summuta
341 607 391 661 est,
419 597 559 666 quomodo
583 601 681 650 eontra
700 598 846 652 simonem
872 608 897 654 et
913 607 1011 654 contre

187 690 324 744 ioarrnem
361 685 511 742 ilireeuum
542 687 630 742 muita
654 685 728 740 maie
753 687 882 756 gesserit,
905 685 965 757 qui,
983 694 1011 741 ut

186 776 327 846 Iosephus
343 781 446 842 narrat,
459 776 591 832 eumdem
613 775 770 832 Hireanum
786 775 816 832 in
833 775 946 832 civitate
965 776 1010 831 iu·

189 865 419 936 clusumeeptem
444 864 558 920 aciebus
586 863 814 932 circumdederit,
838 880 941 936 eosque
955 879 1011 920 vc-

192 953 339 1010 bemonter
354 953 495 1010 nitlixerit.
513 953 636 1020 Qualiter
653 953 705 1009 iste
720 954 859 1010 interierit
879 953 1011 1010 bioSeri-

192 1051 279 1113 pturre
309 1042 388 1098 loeus
413 1042 592 1098 manifestius
617 1043 761 1113 exprimit.
791 1043 861 1110 Quia
885 1058 950 1098 oum
976 1042 1006 1099 iu

192 1131 307 1189 Perside
317 1132 455 1188 essetdux
470 1133 541 1202 ipse,
557 1139 582 1188 et
599 1148 662 1188 eom
681 1133 741 1204 ipso
756 1133 914 1188 immensus
930 1148 1009 1188 exer·

192 1222 264 1276 citus
286 1221 385 1276 cecidit
415 1221 565 1290 intemplo
589 1221 703 1290 Nauae,
720 1220 852 1276 'concilio
878 1225 1013 1292 deeeptus

190 1309 342 1364 sucerdotis
357 1309 469 1364 Naneae.
488 1309 537 1365 Per
558 1309 666 1376 omnia,
684 1310 826 1380 inquiunt,
843 1309 1010 1366 benedictus

191 1397 265 1452 Deus
279 1397 327 1467 qui
343 1397 458 1454 tradidit
484 1399 596 1468 impios.
621 1401 675 1456 ista
692 1415 802 1470 quoque
812 1400 963 1470 gratulatio
978 1401 1013 1457 de

193 1485 345 1556 impiorum
362 1485 478 1543 interitu
493 1490 527 1543 ad
543 1489 820 1544 commendationem
837 1493 945 1559 spectat
959 1489 1012 1545 toci

196 1574 297 1645 sancti,
313 1577 422 1646 atejus,
435 1577 554 1645 eujusin
575 1578 692 1648 AEgypro
709 1577 927 1633 similitudinem
944 1579 1014 1636 icoc·

195 1671 269 1732 rant,
285 1665 383 1735 tempii
410 1665 470 1733 Dei,
486 1667 559 1737 quod
591 1682 653 1724 rere
682 1667 776 1722 seium
798 1666 867 1721 dtur
885 1675 1014 1723 sunctum

196 1753 310 1809 deberet
325 1753 432 1820 baberi,
462 1754 558 1826 inquo
581 1756 662 1811 toties
684 1757 844 1826 apperuerit
867 1756 1015 1812 rneniiesta

195 1843 324 1911 quedam
335 1842 385 1898 Dei
408 1843 506 1910 virtus,
523 1843 664 1900 vindictas
691 1845 808 1915 exigens
829 1844 864 1901 de
882 1845 936 1914 bis,
953 1845 1018 1916 qui-

195 1945 307 2000 cunque
336 1931 556 1988 inhonorassent
572 1931 644 1988 iilud
665 1949 672 2000 ;
700 1943 738 2002 et,
759 1935 890 2006 quamvis
904 1939 1019 2005 proptor

195 2027 310 2092 peceato
326 2019 548 2078 inhabitantium
563 2022 704 2080 interdum
729 2024 865 2080 acciderit
884 2022 960 2080 circu
976 2022 1019 2080 lo·

196 2125 260 2166 curu
276 2111 491 2181 uespertinum
508 2113 845 2185 tamenimpunojobirent
856 2113 1019 2186 quicunque

195 2198 339 2269 despectui
357 2199 450 2256 iocum
468 2201 642 2258 habuissent.

497 2290 611 2348 CAPUT
630 2291 712 2349 xtu.

197 2376 297 2432 Eodem
313 2375 419 2434 ratione
443 2380 536 2448 r'pnem
550 2380 582 2436 de
596 2383 660 2436 creto
686 2381 783 2437 dottam
794 2383 1019 2438 commemorari.

233 2467 360 2524 Narratio
375 2469 411 2526 de
426 2469 501 2540 igne,
517 2469 564 2540 qui
580 2472 660 2526 datus
675 2479 726 2540 est,
744 2470 889 2542 inquiunt,
907 2472 1020 2542 quaudo

196 2555 347 2612 Nebemias
357 2557 496 2614 aediiiceto
512 2559 649 2628 ternploer
660 2559 741 2614 ιιιιιιιι
753 2560 856 2616 οιιιιιιιι
867 2559 1017 2626 sacrificia,

197 2646 265 2700 sotis
290 2646 440 2702 manifeste
462 2655 503 2704 est
533 2648 690 2719 meliusque
719 2650 795 2704 m
824 2651 926 2720 piacet,
942 2651 964 2704 si
978 2649 1017 2704 le·

198 2735 283 2792 eteris
298 2737 440 2792 memorien
456 2752 514 2793 non
543 2735 614 2792 desit
630 2753 713 2794 eausa
730 2739 771 2794 rei
787 2739 917 2808 intentio,
933 2754 1018 2809 quam

199 2823 334 2890 dirimas,
345 2825 464 2894 seilicet,
493 2825 553 2883 bero
567 2827 662 2884 omnin
679 2829 794 2884 tendere
808 2830 842 2886 ad
858 2828 1019 2886 deienden·

199 2915 266 2970 dum
282 2915 469 2985 pririieprium,
486 2918 520 2972 ad
544 2917 751 2973 testificandam
778 2917 942 2987 dignitatern
959 2919 1018 2974 sin·

198 3005 324 3074 gutarem
340 3013 443 3060 sancte
459 3005 580 3061 civitatis
599 3013 625 3061 et
648 3007 756 3076 tempii,
773 3007 897 3078 cujusad
914 3007 1019 3062 simili·

199 3095 326 3149 tudinem
354 3095 458 3152 iactum
493 3095 592 3164 iuerat,
618 3097 691 3166 quod
723 3097 782 3150 iieri
799 3113 856 3152 nou
882 3095 1015 3152 debuerat

200 3185 337 3255 tempium
351 3185 379 3240 in
397 3194 475 3241 terrm
490 3189 615 3256 AEpypti.
637 3185 713 3244 lauis
729 3201 853 3258 iramque
869 3188 916 3257 qui
928 3187 1020 3242 taliter

199 3273 280 3328 dutus
295 3280 349 3342 cst,
367 3289 501 3343 inagnum
518 3285 543 3329 et
561 3275 745 3330 ruemombiie
772 3275 812 3330 itti
829 3277 934 3346 tempto
951 3275 1022 3345 legi·

199 3361 274 3416 time
290 3361 447 3418 sanctitatis
464 3363 658 3419 testimonium
675 3373 725 3417 est.
743 3364 907 3432 etquidem
925 3380 1022 3419 narra·

200 3453 251 3518 tio,
268 3450 409 3521 sicutjom
426 3449 560 3518 diximus,
586 3451 737 3506 marriieeta
756 3458 807 3514 est,
830 3460 1023 3508 verumtamen

205 3546 317 3606 propter
331 3537 519 3606 simpliciores
533 3539 568 3592 de
586 3538 645 3607 ipso
661 3538 727 3608 iguo
752 3538 849 3592 aitaris
863 3537 968 3608 aliquid
984 3541 1025 3594 di·

205 3628 326 3682 cendum
343 3634 396 3684 est.

503 3718 619 3776 CAPUT
634 3718 731 3776 xvnt.

377 3807 476 3881 Quodis
491 3809 538 3864 itta
554 3811 626 3876 ionis
641 3809 746 3865 niturr's
759 3811 855 3881 suerii.

243 3919 256 3946 ιι
279 3894 365 3968 lunis,
395 3898 497 3969 inquit,
526 3900 711 3955 Dorrriuusnd
739 3899 873 3968 birrysem,
900 3899 1027 3956 incitari

1066 511 1187 568 deiicere
1203 527 1349 583 nunquam
1361 511 1486 575 deberet,
1502 519 1528 566 et
1541 511 1645 582 dignus
1661 513 1757 578 iocus,
1777 509 1893 578 dignun

1066 599 1203 670 terrrpiom
1234 609 1420 672 serretumque
1443 601 1630 670 attare,quod
1658 599 1733 655 tami
1760 599 1895 668 primipi-

1067 703 1171 744 munus
1188 687 1311 759 baberet,
1326 691 1410 761 quale
1437 689 1532 759 utique
1547 689 1577 745 in
1599 689 1649 745 itta
1667 689 1783 760 templo
1801 691 1896 742 semoto

1065 778 1188 850 AEgypti,
1205 791 1257 834 nec
1294 778 1358 845 init,
1376 793 1429 834 uec
1443 793 1505 833 erse
1519 776 1628 834 debuit.
1652 777 1731 833 titud
1752 777 1897 832 obsessuri

1069 867 1172 938 potuit,
1186 873 1216 923 ut
1233 879 1377 938 nunquam
1402 865 1535 922 deficeret
1558 867 1633 938 ignis
1647 867 1678 922 in
1703 865 1796 922 citari
1816 881 1897 934 usqne

1066 957 1099 1010 ad
1118 965 1244 1025 tempora
1264 955 1444 1025 Babytontaa
1468 955 1649 1024 captivitatis,
1666 956 1735 1025 qnia
1752 955 1896 1014 videlieet.

1067 1053 1292 1116 quantocunque
1322 1049 1640 1115 tempestateseatenus
1669 1045 1899 1110 exsurrexerint,

1070 1149 1127 1190 non
1156 1142 1240 1190 tantae
1269 1135 1394 1200 inerunt,
1424 1141 1453 1189 ut
1481 1135 1639 1190 necessario
1660 1134 1896 1202 exstingueretur

1067 1223 1116 1280 iiie
1142 1224 1225 1294 iguis.
1248 1223 1306 1280 Nee
1325 1224 1402 1280 euim
1428 1230 1495 1278 ante
1511 1223 1778 1282 Nabuchodonosor
1803 1239 1895 1294 regem

1068 1312 1222 1386 Rabylonis
1251 1311 1310 1369 otia
1332 1326 1451 1384 usquam
1480 1313 1625 1383 Scriptum
1651 1321 1811 1380 memorat,
1853 1315 1901 1367 rate

1068 1402 1213 1474 quidpiam
1228 1403 1368 1470 evenisse,
1382 1409 1412 1458 ιιι
1426 1401 1502 1472 ignis
1520 1401 1569 1458 iiie
1589 1400 1691 1457 nutriri
1703 1401 1748 1457 rei
1760 1402 1900 1458 comedint

1068 1507 1126 1548 non
1143 1491 1272 1563 potuerit.
1290 1491 1342 1548 Ubi
1354 1499 1447 1548 antem
1462 1498 1488 1546 et
1505 1490 1641 1562 tempium
1666 1491 1864 1556 destructum,
1878 1500 1901 1545 et

1070 1583 1167 1638 civitas
1181 1582 1247 1652 igne
1270 1581 1421 1637 Gbatdatoo
1436 1581 1585 1636 combusta
1608 1581 1669 1648 init,
1694 1581 1849 1651 quemodo
1864 1581 1900 1635 rei

1070 1672 1099 1728 in
1114 1685 1169 1743 quo
1182 1672 1313 1727 sacerdos
1336 1685 1435 1726 curare
1445 1677 1552 1741 posset.
1568 1669 1752 1726 nedebceret
1778 1670 1861 1736 ienis
1876 1671 1900 1725 in

1032 1759 1177 1847 Baliari?
1202 1760 1337 1815 Fecerunt
1366 1759 1452 1829 igitur
1482 1759 1556 1830 quod
1580 1767 1746 1830 potuerunt,
1773 1759 1903 1814 fiderunt

1074 1863 1154 1921 spem
1171 1846 1308 1904 babentes
1333 1847 1368 1902 ed
1385 1851 1485 1916 Deum,
1511 1846 1668 1904 secundum
1694 1845 1804 1902 litterae
1823 1847 1904 1912 buim

1080 1951 1196 1992 sensum
1213 1935 1416 1992 nraniiestum:
1433 1957 1448 1986 ι
1460 1937 1528 1991 Cum
1549 1935 1578 1992 in
1590 1935 1733 1992 Persidem
1762 1937 1904 1990 duceren-

1074 2032 1118 2081 tur
1134 2035 1226 2098 patres
1255 2025 1354 2094 nostri,
1369 2025 1534 2081 sacerdotes
1550 2023 1597 2095 qui
1621 2031 1688 2080 tunc
1706 2025 1844 2080 cultores
1861 2025 1904 2080 nd

1073 2122 1163 2181 erant,
1180 2123 1327 2185 acceptum
1346 2116 1443 2185 ignem
1459 2113 1586 2170 desituri
1608 2113 1718 2169 occulte
1739 2112 1906 2170 absconde·

1074 2203 1283 2272 semicrudis,
1309 2202 1427 2259 obierat
1451 2211 1552 2274 puteus
1566 2201 1640 2258 altus
1655 2202 1761 2268 siccus,
1780 2207 1812 2258 et
1830 2203 1863 2258 in
1878 2219 1907 2258 ee
1962 2195 1963 2204 ³

1074 2293 1296 2350 commotisunt
1324 2307 1402 2356 eum,
1418 2291 1457 2348 ite
1476 2301 1504 2347 ιιι
1534 2291 1669 2347 erunibus
1695 2293 1822 2360 ignotus
1838 2301 1908 2346 esset
1964 2320 1965 2348 ι

1074 2384 1153 2439 locus
1166 2382 1203 2455 (ii
1217 2381 1306 2438 diceb.
1323 2381 1355 2454 ι).
1372 2401 1387 2431 ιι
1404 2379 1475 2448 Quid
1503 2379 1616 2436 iliorum
1638 2379 1703 2437 ssdei
1719 2381 1909 2450 contempla·

1074 2473 1150 2526 tione
1165 2469 1335 2541 putebriusi
1350 2470 1445 2540 iguem
1470 2469 1638 2526 morientem
1654 2469 1702 2540 qui
1721 2470 1833 2526 nutriri
1852 2485 1907 2525 non
1966 2492 1967 2496 ¹

1074 2568 1190 2631 poterat,
1221 2559 1269 2630 qui
1299 2559 1346 2615 ubi
1376 2557 1532 2616 nutriretur
1557 2575 1613 2614 uun
1639 2557 1775 2624 habebnt,
1805 2559 1852 2613 itti
1871 2575 1910 2614 re·

1073 2649 1272 2707 suscitandum
1289 2648 1537 2717 commiserunt,in
1552 2663 1608 2717 trun
1623 2655 1663 2703 est
1679 2649 1792 2719 species
1813 2663 1911 2703 resur·

1072 2739 1208 2797 terrionis
1236 2746 1423 2796 mortuorum.
1450 2736 1574 2798 Nocens
1604 2736 1704 2796 icieitit
1727 2753 1809 2808 spes.
1838 2738 1911 2804 Qun·

1071 2825 1182 2883 modo?
1970 2832 1971 2838 ’

1384 2912 1498 2969 urent
1514 2911 1587 2968 XIX.

1136 3005 1237 3063 Eodem
1253 3006 1367 3086 νιιιιοιιιΙ
1375 3004 1546 3060 miraculum
1560 3003 1644 3075 ipsis,
1656 3011 1681 3059 et
1691 3002 1840 3061 detenta

1294 3080 1444 3132 cretionem
1460 3079 1679 3132 conrmemoruri.

1113 3209 1126 3238 ιι
1140 3187 1208 3244 Cum
1221 3184 1408 3256 praeterissent
1428 3181 1509 3238 muiti
1533 3183 1637 3239 ermini
1656 3181 1761 3253 piaeoit
1781 3187 1855 3250 beo,
1874 3193 1903 3236 nt

1077 3279 1233 3334 mitteretur
1247 3274 1422 3332 Nobemiasa
1446 3289 1512 3344 rege
1529 3273 1660 3342 Persidis,
1672 3277 1793 3342 nepotes
1804 3289 1906 3329 escer-

1077 3368 1172 3423 dotum
1190 3364 1305 3421 itionum
1322 3362 1589 3434 quiabsoooderant
1604 3361 1679 3418 misit
1704 3362 1738 3416 ad
1757 3362 1906 3429 repuiren·

1078 3458 1144 3510 dum
1161 3456 1307 3524 ignemet,
1322 3452 1394 3508 sieut
1411 3459 1593 3507 narraverunt
1610 3451 1765 3518 nobis,uon
1782 3449 1902 3506 invene·

1079 3544 1260 3614 ruutiguem,
1274 3541 1323 3598 sed
1339 3555 1440 3612 aquam
1466 3555 1588 3596 crassam
1604 3539 1694 3610 (ibid),
1713 3559 1727 3589 ιι
1744 3547 1773 3596 et
1785 3546 1902 3596 oeteis.

1079 3632 1228 3689 Manifesta
1242 3631 1375 3698 narratio,
1402 3629 1583 3684 menifestum
1603 3629 1705 3684 dirius
1726 3630 1903 3698 provisionis

1079 3721 1229 3788 iudicium,
1259 3722 1439 3791 multumque
1465 3717 1611 3786 pertinens
1623 3719 1657 3774 ad
1686 3732 1802 3774 causam
1816 3735 1907 3790 saepe·

1078 3813 1194 3876 dietam,
1218 3813 1376 3877 etsemper
1407 3808 1543 3864 memoria
1573 3809 1738 3878 tenendam,
1772 3815 1905 3877 quemat

1082 3901 1200 3973 pulebre
1230 3899 1290 3954 bec
1319 3898 1412 3953 littere
1441 3897 1578 3964 recitarit,
1610 3897 1731 3954 dicendo
1760 3898 1823 3954 sic:
1847 3897 1907 3952 «Et

206 4003 318 4057 semper
345 3987 463 4057 ardebit,
482 4003 564 4059 qoem
583 3991 689 4044 nutriet
713 3993 854 4057 sacerdus,
871 3989 1027 4058 subjiciens
1080 3992 1154 4046 idem
1170 3989 1244 4058 ignis
1259 3987 1396 4059 nuditates
1411 3987 1581 4056 ostendendo
1597 3985 1907 4052 Nebemies,oditicato

209 4091 291 4132 ruane
307 4077 382 4144 {iuna
400 4076 701 4148 persingatosoresdtr
713 4077 845 4146 imposito
862 4077 1027 4133 botocausto
1081 4079 1186 4148 tempto
1201 4083 1226 4132 et
1252 4076 1344 4140 uitari,
1361 4073 1462 4131 obtudit
1480 4073 1620 4130 sacrificia
1644 4071 1746 4144 (ibid).
1764 4095 1778 4120 ι
1805 4072 1907 4144 Neque

208 4167 338 4236 desuper,
354 4165 479 4221 adolebit
493 4167 589 4236 antipas
611 4165 803 4236 pacitieorum.
830 4166 961 4235 igniscat
977 4166 1029 4222 istc
1081 4169 1157 4224 enirn
1170 4165 1321 4223 Nebemins
1350 4163 1486 4233 tempium
1502 4170 1529 4218 et
1553 4161 1642 4217 uitare
1656 4162 1816 4218 edificavit.
1844 4163 1907 4217 iem

208 4255 419 4325 perpetuus‚qui
436 4271 581 4325 nunquam
594 4255 706 4310 deiiciet
721 4255 748 4310 in
764 4255 846 4309 uitari
862 4255 1027 4325 (dedituris
1082 4257 1185 4324 quippe
1199 4253 1270 4309 iilud
1287 4252 1472 4308 aedificaverat
1485 4252 1540 4306 dux
1552 4249 1715 4318 Zurobabei,
1724 4257 1749 4305 et
1770 4254 1909 4306 sacerdos

208 4343 288 4402 Unde
311 4359 404 4400 ιιιιιιιιι
432 4344 483 4400 iste
499 4345 572 4415 ignis
601 4351 655 4400 tarn
681 4344 832 4414 diiigenter
848 4345 1028 4411 nutriendus,
1081 4341 1558 4410 iesusiitiosJosedecb,antequarn
1579 4343 1737 4396 mitteretur
1751 4339 1910 4396 Ncbcmias

209 4449 264 4488 ιιιιιι
282 4433 422 4495 ebenus,
439 4434 486 4488 sed
511 4433 666 4492 sucerdotis
694 4449 763 4490 cura
786 4442 812 4488 et
829 4433 976 4501 diligentia
993 4449 1029 4488 ne
1083 4449 1178 4502 arene
1192 4431 1322 4498 Persidis,
1346 4432 1394 4486 sed
1413 4445 1508 4486 muros
1528 4425 1650 4485 civitatis
1674 4430 1733 4484 istae
1749 4431 1906 4484 reesdiiies·

209 4519 340 4575 rieiieeret
356 4522 571 4602 custodiendos,
594 4523 682 4578 ioerut
706 4525 788 4578 datus
802 4522 860 4578 siro
875 4520 1029 4590 aceeptus?
1043 4499 1066 4564 Ῐ)
1082 4523 1131 4578 ιιι.
1147 4522 1217 4578 Cum
1227 4519 1311 4590 igitur
1326 4517 1363 4574 ita
1380 4516 1509 4584 dicunt,«
1525 4515 1907 4587 quaudoNebcmiesmetiii·

210 4609 251 4664 Αιι
267 4607 328 4678 ipso
344 4607 464 4663 Domino
480 4611 614 4665 nimirum
631 4625 735 4678 irruuno
757 4619 783 4667 et
803 4612 925 4666 evidenti
941 4612 1027 4665 mira·

209 4697 284 4754 colo.
302 4697 389 4754 Uncto
415 4713 536 4767 namque
562 4697 757 4766 tabernarum,
788 4701 839 4755 ritu
862 4715 971 4770 ortoque
988 4715 1030 4754 sa·

210 4788 324 4844 cerdorii
344 4798 426 4856 etque
455 4785 657 4842 sacrificiorum
682 4787 762 4856 juste
779 4797 948 4856 preceptum
972 4787 1027 4844 Do·

210 4879 280 4934 mini
295 4878 444 4934 ordinato:
461 4897 475 4926 ιι
507 4874 604 4939 Hodie,
631 4875 722 4945 inquit
751 4875 872 4944 Moyses,
893 4878 1029 4932 [tornines

209 4967 353 5038 apparebit
369 4966 455 5022 robis.
474 4987 489 5015 ιι
501 4965 589 5020 ltem:
607 4985 622 5016 ιι
641 4964 733 5020 Facite
748 4975 774 5020 et
790 4966 935 5034 apparebit
952 4965 1030 5022 robis

209 5058 297 5124 utorio
314 5058 387 5126 ejus.
406 5076 420 5106 ιι
435 5055 559 5110 Subinde
582 5056 726 5127 sequitur:
741 5075 756 5103 ιι
774 5054 918 5124 Ingressus
935 5063 1029 5111 autem

209 5146 319 5216 Moyses
334 5155 359 5199 et
375 5146 466 5199 Aaron
483 5144 663 5200 tabernacola
679 5142 843 5211 testimonii,
853 5150 879 5198 et
895 5142 1031 5212 deinceps

211 5234 313 5304 rursusi
344 5232 550 5288 benedixerunt
589 5233 703 5303 popum,
729 5233 912 5302 apparuitque
941 5231 1031 5302 otieris

212 5322 326 5378 Dnnrini
341 5321 431 5390 οιιιιιιΙ
444 5319 630 5391 multitudini,
647 5327 752 5391 inesco
776 5320 850 5392 iguis
872 5336 1031 5390 egrrrssusa

209 5413 331 5468 liorrdno
342 5413 481 5466 devorarit
507 5409 702 5466 holocaustum
719 5419 745 5465 ct
759 5411 866 5480 adipes,
887 5410 935 5481 qui
951 5417 1031 5466 erant

212 5500 403 5569 superabam,
421 5498 479 5554 Hoc
494 5514 559 5554 cum
576 5497 712 5556 vidissent
727 5499 828 5563 turba,
846 5499 1032 5555 laudaverunt

211 5590 364 5645 Dominum
377 5591 530 5646 montesio
544 5589 632 5647 iacies
646 5607 711 5646 suas
725 5587 878 5662 (Lenitur).
892 5609 906 5640 ιι
923 5587 1032 5660 Dignus

1082 4617 1145 4670 cato
1155 4610 1262 4680 templo
1277 4615 1306 4664 et
1319 4607 1411 4676 nitori,
1427 4605 1720 4674 ebrodunensis.»
1735 4607 1909 4663 subauditur

1084 4719 1132 4773 pro
1149 4715 1293 4756 rumorum
1322 4705 1432 4768 peraeta
1450 4696 1679 4762 reedificatione,
1695 4697 1793 4767 procui
1817 4698 1910 4755 dnbio

1083 4793 1143 4846 bec
1159 4789 1364 4858 interpositio,«
1381 4788 1519 4843 adieram
1530 4787 1637 4856 tempio
1652 4795 1679 4842 et
1693 4787 1784 4854 uitari,
1796 4809 1811 4836 »
1826 4803 1912 4844 conr·

1085 4877 1227 4934 uremtatio
1256 4886 1296 4930 est
1314 4875 1411 4944 terrrpii
1437 4872 1594 4942 sepedicti,
1618 4875 1692 4944 quod
1716 4873 1809 4930 solum
1837 4877 1910 4930 iitod

1085 4974 1218 5024 sanetum
1233 4979 1316 5036 arque
1333 4963 1490 5032 legitimum
1519 4961 1612 5030 inerit,
1628 4977 1711 5034 quus
1734 4962 1763 5018 in
1780 4964 1868 5019 citeri
1884 4971 1912 5022 et

1083 5064 1150 5112 unte
1164 5053 1364 5128 Babylonicum
1393 5051 1585 5122 captivitatem
1601 5050 1677 5120 ignis
1687 5050 1740 5106 iste
1754 5065 1913 5124 perpetuus

1085 5146 1202 5212 exstitit,
1218 5148 1244 5196 et
1266 5149 1327 5210 post
1343 5139 1532 5210 captivitatem
1563 5147 1640 5194 tanto
1665 5139 1803 5194 miraeuio
1827 5157 1913 5198 recu·

1085 5239 1260 5303 paratust-st,
1289 5230 1361 5300 quod
1388 5243 1450 5282 rere
1477 5228 1685 5284 interemtores
1709 5229 1914 5286 auctoritatem

1085 5316 1430 5387 testimoniorurrr,nuibus
1445 5315 1583 5384 tempium
1604 5316 1676 5372 ittod
1693 5316 1780 5373 inisse
1800 5327 1918 5374 coristnt

1086 5409 1270 5469 diminutum,
1295 5411 1528 5474 magnanimnos
1552 5402 1718 5474 prociarum
1742 5405 1805 5460 init.
1822 5409 1918 5473 Quale

1085 5495 1234 5558 enimtutt.
1250 5495 1365 5564 tiguaet
1380 5493 1521 5549 saeriiioia
1537 5495 1767 5564 superimposita,
1785 5496 1919 5568 itemque

1087 5583 1194 5655 lapides
1206 5597 1410 5654 responsaque
1424 5581 1567 5653 perfundi,
1583 5595 1778 5654 magnumque
1794 5585 1831 5642 de
1847 5601 1921 5644 con·
