3992 6048
155 275 212 338 691
697 258 868 324 llUPllil'll
893 249 1061 322 nestris
1083 259 1306 328 utttutsosts
1798 268 1868 334 692

122 473 127 482 ¹
157 409 362 466 leiscumsurn.
380 398 648 468 »Unoeodemque
678 386 1144 461 nominenumdtctt,ieteece
1173 397 1282 454 morior
1310 415 1362 471 pro
1392 397 1502 470 impiis,
1519 401 1642 456 mortem
1662 401 1793 457 sustineo
1809 419 1865 474 pro

158 495 250 561 lilioli,
268 497 418 566 paternum
445 485 489 544 sui
513 487 623 542 amoris
640 485 763 558 gretiam
781 487 809 538 et
833 479 980 538 inlltmam
1034 481 1173 552 inimicis,
1191 491 1222 544 ut
1237 501 1286 545 vos
1303 491 1358 544 [teo
1387 487 1614 546 reconciliemini
1631 489 1719 564 (hom.
1740 491 1777 565 v).
1800 491 1866 548 lice

156 579 374 654 tunctcmporis
386 573 896 651 apostolorumdesignatinlantiem.
909 573 981 629 Nam
1034 591 1099 632 vere
1115 591 1221 632 novum
1238 581 1293 635 cst.
1310 575 1363 634 le
1378 577 1456 634 enim
1473 590 1525 650 pro
1536 579 1619 651 justo
1635 579 1703 652 quis
1719 575 1859 650 moritur,

156 693 190 732 ex
205 689 262 746 quo
279 671 367 728 sortes
384 665 451 724 lacti
468 668 549 735 sunt,
562 661 672 737 Spiritu
682 668 784 721 sancto
799 661 913 727 ermeli,
930 657 983 716 lliil
1035 679 1071 721 nc
1086 666 1157 722 dom
1174 683 1223 737 pro
1240 665 1338 740 impiis
1349 666 1524 725 etinimicis.
1537 669 1640 742 Igitur,
1654 668 1761 743 inquit,
1775 689 1865 728 men-

156 761 336 822 sunt.Nunc
361 763 460 816 eutem
492 755 563 830 quia
591 753 687 812 timidi
716 756 842 822 suntet
867 749 982 810 Patrem
1035 751 1574 828 dalumncvumdovobis,cumhoc
1594 757 1864 828 maudovohis,ut

158 855 242 929 sequi
259 871 316 911 non
332 850 439 916 taient,
456 845 539 905 uttott
564 851 643 903 sont.
659 841 741 902 Unde
756 843 854 901 autem
869 841 913 900 vel
930 841 984 899 hoo
1035 843 1163 916 diligatis
1179 845 1316 915 invicem,
1343 863 1401 904 non
1418 845 1691 920 quomodocunque,
1715 847 1767 905 sed
1783 849 1865 906 sicut

157 947 225 1010 cris,
242 947 274 999 ut
295 943 356 1014 jam
374 939 509 995 dicentur
524 933 628 992 attolit
656 931 789 991 videlieet
809 951 843 989 ex
857 931 984 989 instante
1036 933 1122 990 dilexi
1140 951 1200 993 vos.
1217 933 1292 994 Saue
1317 933 1420 993 iterate
1436 933 1589 1010 preceptio
1605 941 1658 1006 est,
1675 941 1704 994 et
1726 938 1773 994 hio
1788 939 1866 995 ordo

160 1035 295 1108 passione
311 1035 340 1087 ei
355 1038 446 1086 morte
464 1025 592 1095 Domini,
605 1041 668 1098 quac
681 1022 739 1080 illie
755 1027 783 1079 ct
794 1021 878 1078 nohis
889 1021 983 1079 orrtni·
1035 1024 1190 1080 verborum
1204 1041 1210 1080 ι
1226 1047 1240 1075 «
1257 1025 1339 1082 Sicut
1352 1023 1439 1082 dilexi
1451 1041 1511 1098 vos,
1528 1023 1697 1098 utdiligatis
1714 1027 1837 1084 invicem
1855 1045 1863 1084 :

159 1123 440 1179 hussacrumentum
456 1111 686 1188 regenerationis
698 1115 742 1168 ost
756 1107 784 1166 ln
797 1109 983 1182 adoptionem
1037 1113 1078 1169 ito
1092 1117 1121 1170 et
1136 1113 1307 1171 mandatnm
1324 1117 1477 1173 norumdc
1488 1114 1581 1184 vobis,
1595 1122 1627 1174 ut
1644 1115 1770 1191 diligatis
1787 1119 1865 1174 invi.

160 1211 285 1267 liliorum
303 1207 362 1264 Dei.
373 1203 436 1262 Non
447 1206 524 1262 enim
537 1199 818 1260 existimandumcst
833 1199 909 1272 qood
921 1199 983 1270 jum
1037 1217 1109 1261 ceni.
1125 1225 1139 1254 n
1154 1203 1217 1261 Non
1228 1205 1306 1260 enirn
1324 1205 1394 1262 lucio
1410 1205 1486 1263 siout
1501 1205 1612 1263 laniunt
1627 1209 1731 1263 Scribe
1743 1209 1770 1262 ct
1783 1207 1867 1263 Pha·

160 1305 227 1355 ante
243 1295 410 1371 passionem
428 1297 493 1367 ejus
514 1289 607 1347 renati
623 1290 732 1345 luerint
745 1285 893 1361 baptismo
907 1303 986 1356 repe·
1039 1293 1123 1364 rioci,
1143 1315 1153 1344 ι
1172 1293 1220 1366 qol
1238 1293 1358 1365 alligant
1380 1308 1468 1352 onero
1493 1293 1591 1368 grevia
1605 1300 1634 1352 et
1655 1295 1867 1369 importabilia,

159 1385 331 1454 necationis,
348 1383 391 1440 vel
408 1379 485 1455 quod
510 1383 577 1437 onte
595 1382 718 1460 mortem
741 1377 835 1450 ipsius
850 1397 864 1428 u
881 1375 910 1432 in
927 1393 985 1448 quo
1038 1383 1329 1457 etirnpnnuntsupcr
1341 1385 1478 1441 humeros
1489 1381 1749 1458 lrominum,digit0
1762 1388 1865 1441 autern

159 1475 297 1548 baptizali
314 1489 428 1539 sumus,
446 1473 479 1527 ut
503 1469 661 1542 Apostolus
676 1467 725 1536 ait,
743 1465 919 1538 quicumque
936 1464 986 1520 lta·
1039 1486 1092 1528 suo
1109 1471 1212 1530 1101qu
1232 1489 1266 1529 θ,
1288 1487 1400 1530 movere
1416 1475 1527 1544 (Mam,
1543 1477 1675 1546 ΜΝ
1704 1476 1752 1531 sed
1785 1475 1868 1546 prior

161 1559 538 1640 plicatisumusintihristo
554 1555 988 1628 lesu,ulicubicelebratumsit
1038 1559 1101 1630 ipse
1115 1557 1188 1617 lucio
1216 1561 1290 1632 quod
1307 1561 1436 1632 doceam,
1453 1557 1522 1618 dum
1550 1559 1632 1634 prius
1649 1561 1737 1634 diligo
1753 1575 1815 1630 uos,
1833 1569 1869 1617 nt

162 1657 206 1714 vel
223 1653 361 1714 celebrari
378 1651 511 1709 debuerit
526 1651 580 1706 hoc
598 1649 756 1723 baptisma,
772 1647 801 1704 io
814 1663 988 1720 qoooouse-
1041 1649 1167 1722 diligetis
1186 1651 1323 1723 invicem,
1339 1656 1367 1709 et
1382 1656 1453 1708 tunc
1481 1649 1598 1724 plenum
1629 1653 1800 1709 mandatum
1827 1655 1867 1708 (ιο

165 1748 237 1821 pulli
253 1763 357 1804 sutnos
373 1760 440 1800 oum
457 1741 506 1798 illo
518 1741 546 1797 in
564 1743 696 1809 mortem,
714 1741 746 1794 ut
761 1737 907 1810 quomodo
922 1753 987 1795 sur·
1003 1755 1026 1830 Β
1042 1739 1123 1795 uobis
1139 1741 1170 1794 ut
1185 1736 1313 1808 diligatis
1329 1739 1473 1810 invicem
1490 1741 1590 1813 itaque
1618 1757 1676 1797 non
1693 1740 1724 1796 ul
1740 1741 1776 1797 de
1789 1739 1868 1811 rcgt.

166 1835 381 1895 roxilChristus
401 1830 558 1891 amortuis
580 1846 631 1902 por
646 1827 767 1901 gloriam
784 1825 888 1898 Petris,
905 1827 945 1884 ila
960 1832 987 1884 ct
1045 1829 1100 1884 bus
1124 1829 1255 1900 gentium
1278 1837 1305 1886 et
1327 1830 1369 1887 eis
1398 1829 1448 1902 qui
1465 1835 1637 1903 potestatem
1653 1830 1762 1887 habeut
1778 1845 1872 1902 sopor

166 1947 220 1986 uos
240 1928 269 1984 iu
286 1925 411 1982 novitate
437 1921 503 1979 vitm
519 1917 704 1978 art-,tutemus
717 1919 803 1988 (ilem.
820 1917 871 1990 vt).
888 1939 903 1968 »
916 1919 988 1989 Ergo
1045 1931 1104 1984 eos,
1122 1931 1329 1987 nonnunquam
1349 1923 1424 1974 recte
1447 1919 1529 1991 queri
1546 1923 1670 1991 possunt
1688 1918 1793 1974 milites
1809 1919 1869 1974 sui,
1980 1929 1981 1956 t

166 2019 263 2076 crrhoc
275 2021 404 2086 tompore
412 2013 474 2084 jam
486 2007 579 2078 lilioli,
593 2007 643 2080 qul
654 2007 796 2064 hactenus
812 2005 900 2064 erulis
914 2003 988 2063 servi
1046 2005 1123 2078 quod
1140 2005 1214 2062 duro
1228 2005 1351 2079 imperia
1368 2007 1508 2078 subjectis
1536 2008 1701 2081 imponunt,
1717 2014 1745 2064 et
1763 2007 1823 2062 illis
1838 2005 1870 2063 in

164 2111 291 2172 tentum,
308 2105 367 2160 slve
382 2099 532 2174 discipuli,
547 2099 602 2154 hoc
616 2097 699 2154 vobis
716 2097 792 2166 dico,
809 2097 878 2168 quie
893 2093 988 2151 modi·
1046 2095 1153 2152 sudore
1167 2097 1195 2150 et
1210 2094 1328 2167 pulvere
1349 2093 1522 2169 sanguinem
1543 2097 1744 2164 laedentibus,
1765 2095 1821 2170 ipsi
1839 2099 1871 2153 ιιι

165 2213 231 2254 cum
247 2193 395 2251 vobiscum
412 2207 487 2247 soret.
505 2184 651 2244 Modicum
668 2187 800 2257 inquam,
811 2186 840 2240 id
854 2189 908 2250 est,
926 2191 988 2241 ten·
1046 2182 1157 2240 deliciis
1171 2181 1296 2239 molliter
1307 2183 1486 2254 subsistere
1499 2199 1569 2250 non,
1584 2185 1716 2258 inquam,
1727 2183 1806 2240 itaet
1818 2201 1870 2241 ros
1980 2239 1981 2242 ,

163 2285 274 2354 tillum,
291 2283 382 2345 donec
399 2279 456 2348 ille,
481 2278 531 2350 qui
557 2293 634 2332 nuno
658 2275 754 2342 exivit,
777 2274 814 2330 ad
829 2270 989 2331 Phorisrcos
1041 2273 1154 2344 josiam
1170 2270 1199 2326 ln
1216 2287 1261 2328 mc
1277 2271 1421 2329 habebitis
1446 2273 1607 2346 querclam.
1624 2275 1705 2330 Prior
1720 2275 1797 2330 onim
1814 2290 1869 2346 ego

164 2373 324 2446 pervoniat,
342 2373 519 2440 acceptaque
544 2361 672 2434 cohorte,
688 2367 717 2420 ct
732 2375 748 2418 ιι
765 2361 946 2436 principibus
962 2365 991 2420 et
1046 2360 1133 2418 dilexi
1148 2377 1208 2430 vos,
1220 2361 1326 2435 quippe
1341 2362 1390 2434 qul
1401 2364 1436 2420 de
1447 2363 1631 2436 quietissimo
1646 2363 1713 2421 sinu
1730 2363 1823 2420 Patris
1838 2366 1868 2419 tn

165 2459 316 2519 Pharisaeis
342 2457 514 2513 dedocendo
544 2451 697 2518 trrinislris,
718 2453 828 2509 redeat.
858 2455 898 2508 Ex
919 2455 990 2509 tnnc
1048 2449 1870 2526 hulussmculicompuutpugnaturusdcsccndipropter

164 2539 992 2619 euimccmprehensus,irrisus,judlcutos,alquellugcl·
1046 2557 1114 2611 νοις
1132 2549 1157 2598 et
1174 2559 1225 2614 pro
1253 2541 1333 2599 voltis
1362 2544 1490 2600 animam
1515 2557 1609 2601 meam
1631 2561 1716 2617 pono.
1744 2543 1871 2600 Proinde

167 2641 252 2708 latus,
271 2637 448 2708 tandemque
462 2629 668 2706 interemptos,
681 2628 744 2702 jem
765 2623 915 2688 uobiscum
933 2647 990 2689 non
1047 2632 1115 2688 leoli
1127 2629 1213 2703 helius
1227 2631 1398 2690 auctoritato
1412 2640 1569 2706 praeeunte,
1580 2635 1753 2692 mandatum
1766 2630 1821 2689 hoc
1832 2634 1870 2690 do

169 2747 229 2796 ero,
245 2727 302 2784 eici
318 2726 394 2798 qood
408 2724 443 2781 ad
456 2721 558 2778 horam
569 2717 786 2777 iterarnvldebo
801 2736 863 2792 vos,
875 2737 992 2776 rerum·
1047 2721 1139 2792 vobis,
1158 2721 1189 2778 ut
1205 2729 1230 2778 et
1246 2739 1297 2780 vos
1312 2721 1441 2795 quietern
1456 2725 1485 2781 el
1508 2725 1598 2782 vitam
1611 2741 1727 2798 qouque
1743 2727 1871 2780 cestram

168 2807 992 2888 tantonnequaquamotnunovobiseumcro,peregrl-
1047 2811 1195 2869 communi
1220 2811 1340 2869 utilitati
1370 2815 1586 2886 postponentes,
1614 2831 1664 2888 pro
1693 2815 1827 2884 fratrum,
1845 2813 1872 2870 si

168 2923 225 2966 nus
245 2903 410 2980 proesentis,
431 2901 480 2960 scd
499 2899 635 2974 princeps
650 2903 679 2956 ct
693 2901 777 2956 Pater
792 2899 885 2956 lectus
901 2901 991 2956 loturi
1048 2899 1218 2974 oportuerit,
1235 2899 1329 2959 soluts
1345 2901 1509 2960 moriemini
1526 2901 1627 2976 (ilattlt.
1644 2905 1691 2976 vt).

168 2997 278 3053 seculi.
295 3017 309 3046 «
325 2987 465 3058 Qnoerctis
480 3007 548 3064 ergo
579 3003 636 3055 me,
652 2989 680 3044 et
704 2983 782 3045 elcut
797 2985 856 3045 dixi
872 2983 991 3056 iudaeis,
1083 3013 1097 3042 a
1110 2993 1140 3047 ln
1157 2990 1213 3048 hoc
1228 2995 1404 3064 cognoscent
1419 3006 1533 3064 omnes,
1545 2993 1611 3066 quia
1625 2995 1680 3049 mei
1694 2991 1763 3050 cells
1779 2993 1873 3049 disci·

167 3102 224 3158 ‘1¹10
241 3101 293 3158 030
305 3084 388 3150 vado,
405 3097 454 3138 V⁰⁵
469 3098 526 3138 ⁰⁰¹¹
542 3079 663 3152 ΡΟῑθιῐῑ8
676 3077 783 3148 lentii»
795 3101 808 3130 ι
822 3093 988 3152 quanquam
1048 3080 1120 3152 pull,
1136 3082 1160 3136 si
1176 3079 1362 3138 dilectionem
1391 3077 1553 3139 habueritis
1571 3079 1608 3139 cd
1624 3083 1759 3140 invicem.
1777 3105 1791 3132 n
1806 3081 1870 3139 Νοῃ

166 3173 209 3230 illi
223 3173 309 3244 longo
324 3169 381 3228 olio
396 3175 490 3226 mente
506 3183 552 3224 me
564 3167 714 3240 quaesituri
731 3165 798 3236 sint,
811 3167 852 3223 lto
866 3173 894 3224 ot
909 3128 1028 3225 rolrisc
1046 3169 1153 3241 lnquit,
1169 3169 1198 3225 in
1214 3167 1269 3226 hoo
1295 3175 1483 3243 cognoscent,
1503 3169 1528 3227 sl
1550 3171 1811 3228 exterminaveritis
1829 3171 1841 3225 l
1863 3203 1870 3211 -

166 3263 231 3319 dico
244 3261 340 3317 modo.
354 3259 454 3328 Neque
465 3258 543 3314 enim
560 3255 602 3312 sie
618 3259 748 3311 remotus
764 3272 822 3326 ero,
835 3259 866 3311 ut
879 3257 926 3312 ubi
939 3273 992 3329 ego
1046 3250 1105 3305 cles
1121 3257 1242 3318 vestrae,
1268 3249 1311 3306 vel
1328 3251 1351 3306 si
1375 3251 1477 3323 longas
1500 3251 1646 3308 orationes
1666 3251 1802 3322 feceritis,
1819 3257 1871 3307 nat

168 3365 245 3418 som,
274 3348 372 3405 venire
400 3363 457 3402 non
478 3345 593 3418 possint
621 3341 705 3418 impii
727 3345 948 3419 persequentes,
964 3345 992 3403 ei
1046 3348 1122 3397 certe
1138 3341 1162 3396 si
1178 3341 1250 3397 tulta
1266 3343 1440 3414 precinente
1455 3342 1577 3399 multum
1589 3341 1804 3414 eleemosynam
1817 3343 1868 3397 ds·

168 3437 266 3493 venire
277 3435 391 3508 possint
405 3435 444 3506 pii
460 3433 631 3507 diligentes3
649 3435 697 3490 sed
716 3445 866 3506 nonquam
878 3431 921 3490 illi
934 3435 992 3491 site
1046 3429 1156 3499 ueritis,
1173 3448 1236 3503 qua
1252 3435 1280 3486 et
1301 3432 1399 3488 onmia
1426 3433 1472 3489 his
1493 3434 1602 3490 similia
1627 3435 1720 3490 lacero
1743 3437 1869 3506 possunt

167 3527 298 3582 viventes
314 3522 374 3581 sive
402 3523 590 3590 mortui,nec
611 3538 662 3579 vos
685 3520 993 3594 quandlumorleliter
1047 3519 1212 3592 hypocrite,
1247 3519 1364 3577 consola
1388 3521 1508 3578 sinistre
1534 3539 1605 3590 suo;
1640 3523 1688 3579 sed
1717 3521 1779 3577 «in
1812 3520 1869 3575 hoe

168 3615 273 3681 vivitis,
290 3637 304 3666 n
322 3628 379 3688 quo
395 3629 448 3686 ego
465 3609 548 3680 vado,
566 3633 580 3662 »
605 3611 648 3667 vel
665 3611 715 3668 uhi
740 3627 805 3669 sum
828 3629 880 3684 ego
895 3614 991 3669 uenire
1046 3615 1220 3680 cognoscent
1236 3609 1304 3682 quin
1320 3609 1376 3666 mci
1392 3611 1463 3668 estis
1476 3609 1625 3683 discipuli,
1640 3611 1665 3668 si
1681 3609 1867 3667 dilectionem

169 3706 302 3778 potestis.
328 3705 470 3776 lteqoeet
500 3717 550 3759 vos
574 3701 710 3773 querelis
737 3717 793 3770 mc,
825 3702 918 3775 etqui
944 3716 993 3774 por
1046 3697 1209 3754 habueritis
1224 3701 1259 3755 ed
1291 3699 1424 3756 invicem.
1442 3721 1457 3752 c
1473 3701 1554 3766 Quod
1585 3700 1714 3772 proiecto
1737 3697 1871 3756 nonnisi

168 3795 289 3851 verbum
305 3797 435 3850 vestrum
451 3789 589 3848 credituri
610 3795 680 3846 sont
695 3789 723 3846 in
742 3805 799 3860 me,
821 3789 992 3864 plangentes
1046 3788 1121 3843 bono
1141 3791 1235 3860 polest
1251 3789 1336 3845 corde
1352 3789 1424 3844 lieri.
1441 3789 1498 3845 Nec
1513 3789 1590 3846 enim
1608 3788 1724 3861 aliquod
1745 3784 1867 3856 molum,

169 3891 200 3938 ιιι
215 3887 356 3951 turtures,
369 3880 518 3956 gementes
535 3877 727 3952 otoolnmbee,
740 3881 779 3935 ite
790 3888 819 3936 ut
832 3879 904 3936 liant
915 3879 991 3951 quod
1045 3879 1088 3934 ael
1104 3879 1230 3950 alicujus
1245 3878 1361 3934 vlolelio
1373 3879 1506 3952 precepti
1522 3883 1616 3952 potest
1628 3879 1655 3934 io
1667 3879 1769 3935 eodem
1782 3877 1869 3937 corde

168 3973 310 4044 scriptum
324 3971 409 4028 estin
425 3963 560 4039 Geminis,
575 3964 746 4042 singulatim
762 3985 993 4041 unoquoquetc·
1046 3969 1211 4025 cohabitare
1228 3967 1386 4025 dilectioni.
1407 3989 1417 4017 ι
1435 3967 1489 4035 Qui
1511 3968 1606 4040 diligit
1628 3969 1805 4042 proximum,
1821 3967 1867 4024 in·

167 4067 261 4118 strum
289 4061 424 4116 dicente:
451 4081 465 4110 α
485 4055 586 4114 hulme
611 4063 675 4113 mea
697 4057 855 4129 liquefacta
879 4061 933 4127 est,
960 4063 992 4114 ut
1045 4059 1108 4130 quit
1121 4056 1390 4130 Apostolue,lcgem
1406 4055 1546 4128 implerit.
1563 4061 1635 4114 Nam
1652 4073 1708 4114 non
1725 4057 1873 4114 adultera-

168 4149 294 4207 dilectos
315 4149 430 4228 locutus
447 4153 513 4218 cst3
531 4143 651 4219 quesiti
667 4151 695 4202 ct
710 4163 767 4203 non
784 4145 880 4203 iuveni
895 4145 989 4216 illurn,
1044 4147 1100 4214 his,
1118 4161 1175 4202 non
1191 4146 1315 4214 occides,
1342 4161 1401 4202 non
1427 4147 1535 4202 lurtum
1561 4147 1659 4216 iacies,
1677 4160 1735 4204 nou
1758 4147 1865 4203 laisum

168 4239 265 4294 vocavi
282 4242 310 4294 et
326 4253 383 4294 non
395 4236 546 4309 respondit
562 4234 654 4292 mihi:
673 4235 847 4292 invenerunt
863 4251 908 4293 mc
919 4236 989 4310 vigi·
1044 4237 1341 4307 testimoniumdiccs,
1358 4253 1415 4295 non
1429 4239 1629 4310 concupisces,
1646 4242 1672 4296 el
1688 4239 1713 4294 si
1729 4237 1807 4310 qood
1823 4245 1868 4295 cst

166 4331 219 4402 les,
237 4328 286 4400 qui
297 4326 501 4383 custodiebant
512 4325 670 4391 civitatem,
688 4329 992 4396 percusseruntmeet
1044 4327 1123 4383 ollud
1148 4327 1333 4396 mandatum,
1351 4327 1380 4382 in
1397 4326 1452 4383 hcc
1468 4327 1554 4383 verbo
1572 4327 1773 4384 instauretur:
1790 4325 1866 4383 otti-

167 4417 393 4475 vulneraverunt
405 4412 600 4482 me,tulerunt
611 4407 732 4484 pellium
747 4429 842 4472 tticum
855 4415 989 4472 custodes
1045 4432 1095 4487 ges
1114 4416 1279 4488 proximum
1310 4421 1393 4472 ιιιιιιιι
1420 4417 1497 4472 sicut
1516 4415 1642 4488 teipsum
1660 4415 1744 4490 (dom.
1764 4417 1835 4488 ιιιιι).
1851 4439 1865 4466 n

169 4520 320 4562 murorum
338 4501 425 4574 (Cant.
441 4502 479 4574 v).
497 4523 511 4552 n
529 4499 593 4557 uitii
608 4499 782 4571 Jerusalem,
800 4503 930 4559 nuntiate
945 4504 987 4559 di·
1003 4493 1026 4560 D
1043 4505 1134 4576 luitur
1148 4521 1247 4560 verum
1263 4503 1680 4577 eritexpnrimentom,vcrum
1692 4509 1865 4577 certumque

169 4597 252 4662 lecto,
266 4592 440 4665 quienmorc
453 4589 587 4663 languco.
601 4589 674 4658 Quid
687 4593 804 4648 tandem
821 4591 986 4649 laciendum
1043 4591 1551 4665 discipulatusmeitestimonium,si
1562 4589 1745 4651 dilectionem
1758 4589 1866 4650 habuc·

167 4691 222 4757 est,
235 4689 267 4740 ut
282 4698 340 4755 quo
352 4697 404 4754 ogo
415 4681 498 4748 vado,
509 4687 535 4736 ct
547 4695 596 4737 vos
608 4680 705 4737 venire
716 4681 845 4752 possitis,
856 4687 884 4739 et
896 4685 985 4739 toturn
1043 4681 1106 4739 ritis
1122 4683 1157 4738 ad
1174 4681 1295 4739 invicem
1309 4697 1316 4751 ;
1333 4681 1385 4750 ita,
1403 4683 1435 4739 ul
1449 4683 1498 4755 qoi
1515 4682 1679 4740 incircuitu
1692 4686 1866 4744 vestrosunt

168 4772 365 4831 hereditatem
381 4768 601 4841 consequamini
613 4769 627 4825 i
641 4769 745 4827 hodite
761 4773 823 4841 jem
838 4785 844 4826 :
1043 4772 1118 4828 bono
1134 4773 1219 4829 olore
1236 4771 1369 4828 delectati
1380 4772 1479 4828 dicant
1491 4787 1498 4828 :
1512 4793 1525 4821 ιι
1537 4773 1608 4828 licoe
1620 4789 1707 4845 quoin
1719 4771 1828 4830 honum
1838 4777 1867 4829 ct

202 4857 514 4922 «Mandatumnovum
527 4857 842 4932 docebis,otdiligotis
854 4857 987 4930 invicem,
1043 4877 1131 4933 quam
1156 4861 1321 4932 jucundum
1347 4859 1478 4918 hahitare
1495 4861 1599 4919 iratres
1615 4863 1643 4918 in
1665 4877 1769 4920 unum.
1784 4864 1866 4921 Siout

166 4954 243 5011 siout
257 4950 345 5008 dilexi
361 4965 421 5020 uos,
439 4953 472 5006 ιιι
492 4951 519 5004 cl
532 4959 582 5005 tos
597 4947 724 5022 diligatis
748 4950 884 5022 invicem,
901 4973 911 5004 ι
931 4949 989 5007 linc
1044 4953 1227 5022 unguentum
1243 4948 1273 5004 in
1290 4949 1391 5022 cupite,
1418 4951 1496 5023 qood
1521 4951 1672 5008 descendit
1686 4947 1716 5008 ln
1732 4951 1863 5023 barlrem,

165 5059 273 5099 novum
299 5039 421 5112 accipito
449 5037 637 5104 mandatum
664 5052 783 5105 novum,
813 5039 988 5108 inquam,io
1042 5039 1163 5094 barbam
1176 5043 1282 5104 Aaron,
1299 5039 1376 5110 quod
1393 5041 1585 5097 descenditio
1601 5057 1682 5098 oram
1698 5041 1862 5100 vestimenti

163 5129 383 5203 comparatione
398 5126 486 5182 veteri
511 5127 649 5182 mandato
665 5125 889 5197 preferendum.
907 5127 987 5190 Quod
1042 5128 1106 5197 ejus
1120 5127 1207 5200 (Ptol.
1224 5129 1337 5200 cxxxii).
1356 5151 1369 5178 n
1387 5127 1447 5186 Uno
1464 5145 1591 5202 namque
1606 5135 1755 5203 unguento
1769 5131 1862 5204 Spiri-

165 5221 242 5278 euim
253 5223 337 5274 relus
348 5219 391 5273 est
404 5215 573 5270 mandatnm
584 5213 598 5269 l
609 5236 622 5264 a
636 5213 755 5286 Diliges.
774 5216 878 5287 inquit,
893 5217 988 5286 proxi·
1043 5221 1090 5274 tus
1106 5216 1199 5274 suncti
1214 5232 1290 5274 nuno
1306 5223 1335 5274 et
1358 5221 1445 5290 ceput
1471 5224 1500 5275 et
1526 5219 1627 5288 brrlta,
1642 5219 1789 5291 simulque
1815 5239 1864 5278 ora

166 5325 246 5365 mum
262 5312 345 5362 tunm
363 5303 457 5375 (Exod.
474 5307 530 5374 xx).
549 5327 559 5356 ι
578 5305 637 5375 Ego
654 5311 750 5359 colem
768 5305 831 5358 dico
847 5303 939 5371 vohis,
957 5309 990 5361 ut
1042 5305 1133 5361 vestis
1148 5307 1253 5376 Aaron,
1271 5308 1380 5362 bonurn
1402 5305 1511 5380 ultique
1536 5309 1653 5364 odorem
1669 5309 1823 5382 spirabunt
1837 5311 1864 5366 in

167 5395 295 5466 diligatis
312 5393 447 5460 invicem,
464 5393 539 5448 sicut
563 5393 649 5447 dilexi
665 5405 726 5448 vos.
743 5392 894 5458 Quomodo
921 5411 988 5466 crgo
1043 5393 1265 5452 aedificationem
1280 5396 1324 5451 vel
1335 5395 1559 5467 acquisitionem
1574 5397 1866 5464 melioramentum

167 5481 267 5536 dilexit
282 5481 356 5536 vos?
373 5480 462 5535 llilcxi
477 5495 526 5534 vos
539 5480 639 5550 utiquc
651 5479 823 5548 immeritos,
839 5503 852 5532 a
865 5497 930 5538 cutn
941 5499 988 5539 cs·
1043 5501 1103 5555 vos,
1119 5488 1260 5556 tunquam
1276 5485 1366 5540 barba
1381 5485 1481 5556 capiti,
1494 5483 1604 5542 scillcet
1616 5485 1686 5542 mihi
1703 5485 1826 5543 Domino
1837 5491 1863 5543 ct

169 5567 358 5624 sctisnntura
380 5567 432 5622 lilii
457 5568 514 5634 irc,
541 5567 766 5624 sicutctcrctcri
790 5571 897 5642 (lipltcs.
915 5573 956 5643 ιι),
974 5595 988 5622 n
1043 5579 1146 5631 resine
1175 5572 1338 5630 dilectionis
1362 5575 1512 5644 magistro,
1533 5573 1655 5631 vicinius
1685 5576 1863 5633 adherentes

14 5900 167 5970 A
