3978 6062
236 314 315 376 itte
766 297 943 364 euenum
964 291 1130 360 neutum
1150 289 1375 356 'I'Ul'l'lENSIS
1870 286 1949 350 tito

234 445 340 504 usuum
364 458 447 500 soum
469 453 561 496 curam
586 433 747 504 ttiuuieet,
769 439 795 490 ct
811 431 919 488 dimisti
940 443 1015 498 eum,
1029 429 1057 482 et
1071 427 1098 500 Α
1113 439 1228 500 quoque
1244 423 1273 480 in
1291 422 1404 480 Psalmo
1427 419 1517 480 dicit:
1548 443 1560 472 ι
1576 419 1612 476 ut
1627 417 1768 484 sustinui,
1784 415 1841 490 qni
1857 397 1948 472 simul

234 526 566 600 coiitcttirnpucisabot
588 526 808 595 attostinportae
825 519 957 585 civitatis,
973 515 1058 574 etde·
1114 516 1343 582 contristaretur,
1372 518 1399 568 et
1430 527 1487 568 noa
1515 507 1570 565 tuit
1600 509 1685 580 (Psoi.
1714 509 1827 582 cxviii).
1847 529 1861 556 a
1895 509 1947 562 Sed

233 623 360 694 fluebant
373 617 471 676 satiuae
485 617 516 672 ic
531 615 656 684 borbum,
672 619 698 670 ct
721 611 863 685 ferebatur
877 610 909 664 in
931 605 1059 664 manitus
1114 602 1249 676 nunquid
1264 601 1307 659 uel
1323 602 1410 660 beata
1421 599 1525 668 Maria,
1539 616 1606 656 cum
1617 603 1710 656 staret
1720 599 1809 670 juxta
1827 613 1946 652 crucem

232 709 328 776 souti
340 707 404 778 disq.
421 709 490 776 xxti.
505 701 672 762 abimelech
689 701 752 774 ipse
771 704 825 765 est,
842 697 892 770 qui
907 711 996 766 supra
1014 693 1058 749 di·
1113 693 1188 765 ejus,
1213 693 1313 750 videns
1339 691 1485 766 quomodo
1515 695 1692 757 moreretur,
1722 703 1783 744 non
1815 689 1950 760 percepit

231 795 435 856 citaremus
453 795 774 864 interpretaturautem
790 785 957 845 abimelech
973 783 1059 856 putris
1114 782 1210 858 corde,
1226 785 1255 840 et
1269 798 1326 840 nou
1344 779 1433 840 simul
1448 783 1622 844 contristata
1636 777 1704 835 esti
1733 777 1792 832 imo
1816 775 1947 830 multum

229 884 441 955 metropolem·
468 883 556 940 achis
580 897 660 953 vero,
684 878 816 952 quomodo
830 884 879 934 est.
905 873 1058 946 Significat
1113 871 1242 944 percepit
1261 871 1358 940 corde,
1385 869 1514 929 multum
1538 869 1713 926 contristata
1736 869 1793 935 est,
1816 870 1848 920 et
1869 865 1948 919 sicut

232 993 301 1050 argo
320 976 520 1046 Judaeosquoe
531 975 606 1030 recte
620 971 754 1030 Christus
769 969 850 1042 prius
863 964 1059 1038 appellaverat
1113 960 1285 1032 praediterat
1299 959 1435 1018 Simeon:
1452 957 1597 1015 «Gladius
1609 955 1797 1029 pertransivit
1811 954 1946 1010 animam

230 1063 322 1122 Patria
345 1063 392 1122 sui
410 1077 544 1135 regnum,
560 1061 639 1134 quod
657 1061 755 1132 signat
779 1053 956 1114 abimelech.
973 1057 1057 1110 Nunc
1111 1051 1175 1122 ejus
1190 1051 1266 1122 (tuo.
1284 1051 1328 1122 n).
1346 1071 1360 1099 a
1391 1046 1554 1122 Discipulue
1579 1063 1696 1120 quoque
1720 1043 1867 1112 dilectus,
1892 1061 1946 1100 non

230 1159 329 1211 autem
345 1153 492 1218 Actiaca
508 1168 566 1224 quo
580 1151 727 1216 dixerunt,
742 1147 892 1212 Quomodo
915 1159 980 1200 esee
1003 1159 1058 1214 po·
1111 1139 1174 1198 sine
1203 1141 1387 1214 perceptione
1414 1139 1522 1205 cordis,
1548 1154 1605 1194 non
1634 1136 1696 1193 sine
1722 1134 1852 1191 tristitia
1876 1133 1945 1190 sidit

227 1243 309 1300 test?
334 1243 365 1299 iu
390 1257 447 1316 quc
469 1257 569 1299 coram
593 1241 658 1298 istis
688 1261 701 1290 u
721 1233 913 1296 commutauit
940 1231 1055 1290 vultum
1110 1230 1226 1302 quando
1243 1233 1413 1287 moreretur.
1425 1228 1526 1285 Ceteri
1539 1225 1820 1301 quoquediscipuii,
1837 1242 1942 1296 quam·

227 1331 343 1388 suusnt
359 1354 370 1386 ι
389 1333 421 1386 iu
438 1348 471 1390 eo
486 1331 629 1397 videlicet,
646 1329 722 1402 quod
738 1327 844 1386 ueteris
859 1323 994 1382 eaoriilcii
1016 1321 1055 1378 ri·
1109 1323 1153 1376 vis
1168 1318 1312 1377 relictoeo
1327 1318 1577 1394 omuesiugerint,
1591 1315 1734 1374 nonnihil
1758 1317 1843 1370 inere
1855 1314 1941 1370 simul

228 1421 293 1477 tum
309 1419 452 1476 convertit
473 1420 503 1477 in
529 1433 648 1476 novum.
668 1418 702 1476 ln
726 1434 760 1475 eu
785 1429 901 1489 quoque
927 1435 943 1464 a
957 1412 1055 1470 salivas
1109 1409 1284 1478 contristati,
1300 1409 1357 1466 imo
1373 1407 1504 1476 tristitia,
1519 1422 1570 1464 eor
1585 1422 1685 1462 eorum
1702 1405 1855 1478 implevit.
1872 1405 1940 1474 liupo

230 1507 416 1565 deduxerunt
434 1507 478 1566 illi
502 1507 533 1564 in
549 1507 679 1576 barbam,
697 1527 711 1559 a
740 1504 817 1579 quod
833 1519 899 1560 cum
923 1503 1052 1560 diceret:
1110 1499 1342 1556 consecundum
1354 1497 1641 1568 rationisjudtcium,
1653 1494 1939 1556 sedsecundumde·

232 1615 244 1648 ι
260 1597 324 1654 Nisi
349 1597 596 1654 manducaveritis
625 1612 744 1654 carnem
772 1592 837 1652 Filii
863 1590 1003 1659 hominis,
1025 1593 1055 1646 et
1108 1585 1180 1644 loris
1195 1586 1264 1656 vim,
1281 1587 1331 1659 qui
1343 1587 1492 1644 interdum
1509 1586 1649 1642 rationem
1665 1601 1722 1640 non
1740 1583 1888 1650 admittit,
1903 1584 1939 1638 dt

229 1680 1054 1760 biberitiaejassanquinem(lacessissetcetera,iniau-
1109 1682 1256 1747 atumem,
1273 1698 1288 1730 a
1304 1681 1333 1734 et
1347 1691 1433 1736 nemo
1448 1674 1572 1750 percipit
1586 1675 1682 1744 corde,
1699 1695 1716 1726 a
1727 1676 1757 1732 et
1768 1695 1784 1726 a
1801 1675 1859 1748 qai
1874 1690 1937 1730 tou·

227 1774 491 1835 tiliavidedaturei
502 1782 588 1835 uerba
599 1778 738 1849 prolerre.
753 1772 1052 1834 lniantiumestenim
1067 1792 1092 1862 p
1108 1769 1274 1826 tristaretur
1288 1783 1347 1824 non
1362 1767 1428 1824 luit.
1448 1787 1463 1816 a
1480 1765 1514 1822 ut
1536 1770 1732 1836 competenter
1756 1763 1801 1822 sic
1827 1763 1934 1820 dictum

226 1861 349 1922 salivam
373 1863 521 1924 emittere.
544 1866 627 1923 Tune
650 1881 766 1938 quoqne
781 1861 993 1935 timpanizabat
1016 1861 1052 1918 ad
1106 1853 1935 1926 easeanimaduertis,ubiadtentaminsultantiumatque

227 1958 343 2026 portam
365 1953 502 2022 ciuitatis,
518 1956 637 2028 quando
652 1954 751 2012 insitis
764 1959 793 2010 et
808 1952 909 2010 audire
925 1949 1054 2009 nolenti·-
1105 1946 1290 2004 irridentium
1308 1944 1538 2012 multitudinem,
1559 1944 1608 2015 qui
1632 1943 1868 2010 condoluerunt,
1885 1961 1935 2016 pre
1967 1999 1968 2002 ,

227 2041 284 2098 bus
299 2041 471 2115 mysterium
488 2043 666 2116 predicabat
679 2060 740 2100 sua
751 2041 908 2115 passionis,
921 2041 1053 2098 futurum
1105 2037 1252 2108 paucitate
1267 2035 1379 2092 nultius
1393 2035 1472 2092 tuere
1485 2032 1659 2106 quantitatis
1669 2037 1720 2090 aut
1731 2035 1870 2091 numeri.
1887 2037 1935 2090 t'e-

227 2131 900 2207 essemiensquodcredendoaperireataliqui.
912 2132 1055 2189 «seretu-
1105 2141 1183 2194 rum,
1199 2125 1268 2198 quia
1282 2125 1353 2182 alibi
1386 2123 1477 2181 dicit:
1499 2145 1513 2175 a
1529 2123 1739 2196 circumspexi,
1753 2129 1784 2180 et
1800 2141 1865 2180 non
1880 2134 1935 2180 ere:

226 2219 897 2288 turatiaminmanibussuia,»videlicetcum
909 2220 1053 2280 tenensis
1104 2213 1934 2288 auxiliator,qucsisi,etnoaiuitquisdjuvaret,etsal·
1967 2267 1968 2282 ,

226 2311 365 2370 manibus
380 2312 444 2368 suis
460 2329 563 2383 panem
579 2316 609 2370 et
622 2313 723 2370 viuum
738 2329 745 2369 :
762 2333 778 2364 u
791 2312 929 2383 aecipite,
944 2310 1051 2383 inquit,
1103 2302 1543 2376 vavitmilqibraobiumlmeum,
1556 2307 1585 2360 et
1599 2303 1762 2376 indignatio
1780 2319 1854 2359 mea
1872 2304 1931 2376 ipsa

225 2405 254 2458 et
266 2399 422 2469 comedite,
438 2401 493 2459 hoc
503 2406 548 2460 eat
561 2417 667 2474 corpus
683 2417 793 2459 meum.
805 2400 856 2457 ilio
870 2407 915 2457 est
928 2400 1051 2471 sanguis
1104 2394 1243 2452 auxiliata
1257 2398 1302 2452 est
1317 2391 1391 2449 milri
1405 2391 1470 2466 (iso.
1484 2394 1599 2462 ursit»
1615 2409 1672 2450 nou
1688 2396 1734 2448 est
1749 2395 1932 2464 conquaestio

225 2505 310 2547 meus
337 2491 408 2547 Novi
433 2491 602 2548 testamenti
628 2490 741 2560 (ausit.
767 2490 827 2564 xx),
843 2511 857 2540 a
882 2494 911 2546 et
934 2493 1049 2560 catera,
1103 2481 1823 2553 similis,seddemonstratiovcrissimarei,quia
1838 2482 1933 2538 nullus

221 2583 358 2636 Attamen
373 2579 539 2638 secundum
555 2579 725 2636 Hebraicam
743 2582 891 2636 veritatem
913 2594 991 2634 nuno
1007 2580 1050 2634 le.
1103 2574 1318 2632 omnicoetiam
1331 2571 1585 2645 sivoluiesetquis,
1598 2572 1693 2646 putuit
1703 2587 1771 2628 cunr
1782 2572 1931 2644 adjuvare,

220 2665 333 2738 gimns,
349 2671 378 2723 et
399 2666 601 2724 collabebatur
614 2668 644 2725 in
661 2669 799 2726 manibus
813 2683 925 2724 eorum.
941 2670 1051 2734 Quarta
1103 2664 1163 2722 eive
1178 2662 1313 2720 auxiliari
1328 2664 1357 2722 in
1375 2661 1485 2740 praelio,
1500 2662 1562 2720 eive
1586 2679 1743 2735 congressu
1773 2662 1931 2733 ejusmodi,

189 2817 191 2822 ,
222 2754 280 2812 iuii
294 2757 467 2828 persecutio,
483 2758 603 2830 quando
619 2760 764 2816 miseruut
784 2760 930 2832 principes
946 2758 1047 2816 Phari·
1102 2753 1152 2809 ubi
1165 2753 1298 2810 veniebat
1309 2752 1445 2826 princeps
1461 2753 1574 2820 muudi,
1589 2755 1723 2824 peccator
1736 2751 1898 2821 antiquus,
1908 2757 1931 2806 ct

222 2845 270 2901 saei
287 2846 446 2916 ministros,
461 2853 494 2904 ut
509 2849 761 2922 apprehenderent
774 2865 859 2920 sarm
874 2849 924 2922 qai
941 2850 1048 2906 pes-ersi
1101 2841 1275 2915 prepositus
1288 2842 1401 2900 mortis.
1416 2841 1473 2899 Neu
1484 2841 1563 2897 enim
1576 2845 1639 2897 erat
1651 2840 1826 2912 quisquam,
1842 2841 1892 2912 qai
1901 2841 1930 2896 ds

218 2951 286 2992 cum
312 2935 457 2993 diceretur
471 2937 514 2994 eis
535 2953 542 2995 :
568 2960 584 2990 a
600 2941 695 3004 Quare
720 2955 777 2995 nou
793 2940 957 2994 adduxistis
970 2939 1048 2996 m
1101 2930 1379 3004 illodicereposset,
1394 2931 1488 2988 «etin
1499 2947 1544 2988 me
1555 2930 1708 2988 nonhabet
1721 2931 1927 3002 quidquam».

218 3042 285 3084 eum
302 3025 316 3086 t
339 3028 556 3102 responderunt
579 3045 586 3085 ι
614 3029 772 3104 Nunquam
794 3029 837 3086 sic
865 3028 978 3086 locutus
1004 3037 1048 3086 est
1099 3020 1162 3078 Non
1178 3025 1241 3078 arei
1256 3027 1441 3092 preteream
1456 3022 1625 3094 quiequam,
1642 3018 1672 3075 in
1687 3035 1747 3090 quo
1759 3035 1832 3076 cum
1848 3019 1928 3076 innu-

216 3114 315 3185 homo,
328 3117 410 3174 siout
424 3116 472 3177 bio
488 3117 576 3176 bomo
592 3117 719 3190 loquitur
737 3120 826 3190 (loca.
842 3119 901 3190 uu).
918 3140 933 3170 a
949 3123 986 3174 itt
999 3118 1042 3176 illi
1100 3111 1200 3168 centia
1214 3109 1347 3168 humane
1363 3114 1441 3168 esset
1455 3111 1542 3167 etiam
1557 3109 1661 3166 divinas
1673 3108 1834 3166 brachium
1846 3115 1875 3166 et
1888 3111 1926 3164 in·

216 3204 246 3262 lu
263 3205 424 3262 intentione
439 3207 629 3276 persistentes
645 3208 830 3264 adduxeruut
845 3208 997 3264 mulierem
1013 3209 1042 3264 iu
1062 3159 1085 3231 c
1100 3199 1240 3274 dignatio,
1257 3200 1286 3256 id
1303 3203 1348 3257 est
1360 3199 1443 3259 zelus
1458 3199 1502 3256 vel
1517 3199 1659 3260 tortitudo
1675 3205 1802 3258 natura.

218 3291 601 3370 adulteriuospretcnsam‚
619 3303 764 3354 tentantes
780 3302 813 3353 ut
828 3303 946 3370 possent
962 3314 1044 3356 accu-
1394 3305 1512 3364 cppuq·
1527 3305 1617 3366 Xth,

217 3383 1042 3458 sareeumtloun.vrri).0uintapersecutioiuit‚ubicum
1095 3399 1129 3454 tn
1152 3393 1352 3454 caristolum
1375 3394 1545 3460 uoluntates,
1570 3395 1696 3454 doemunt
1716 3402 1744 3454 at
1774 3395 1925 3454 munau

215 3467 944 3546 dixisset:samen,amendiaovobts‚autequam
954 3476 1043 3532 Abra·
1130 3469 1229 3538 iubet.
1254 3484 1373 3551 quorum
1400 3468 1500 3526 alim
1526 3473 1644 3528 mortem
1670 3465 1810 3538 voluerit.
1840 3470 1924 3526 nitere

214 3555 284 3612 ham
300 3557 382 3614 tieret
396 3573 451 3632 ego
466 3560 686 3630 sum,tulerunt
700 3561 811 3636 lapides
827 3568 860 3619 ut
869 3563 1001 3636 jacerent
1012 3567 1042 3624 ia
1130 3543 1285 3612 ''mm‘’

213 3659 281 3700 eum
294 3644 402 3722 (tota).
425 3667 440 3696 »
455 3646 554 3716 Sexta,
575 3649 626 3706 ubi
653 3666 721 3708 uum
748 3651 886 3711 dixisset:
912 3659 998 3728 uago
1013 3661 1042 3714 at
1129 3645 1204 3712 Quid
1232 3663 1313 3720 ergo,
1338 3648 1473 3720 nunquid
1504 3646 1708 3706 auxiliatorem
1744 3647 1921 3720 circumspi-

210 3731 868 3814 Paterunumsumus,-sustuleruntlapidea
880 3748 912 3800 ut
928 3743 1040 3818 lapida-
1093 3735 1207 3805 ὓῑθῦᾶθ,
1221 3736 1261 3794 iii
1276 3736 1320 3794 th
1335 3736 1387 3792 iili
1399 3737 1559 3796 ῑῡῑθῡὶῑθῡθ
1570 3736 1728 3810 (lumbus
1744 3741 1779 3794 ut
1794 3755 1855 3794 ¹10ss
1865 3754 1922 3794 [110-

212 3827 278 3880 rent
292 3839 360 3880 eum
387 3825 478 3900 (locu.
494 3827 534 3900 x).
551 3850 567 3880 a
592 3829 811 3905 septimaque
828 3833 941 3901 ultime,
959 3857 974 3888 u
991 3837 1040 3894 uhi
1091 3828 1215 3895 reretur,
1230 3825 1281 3898 qui
1297 3826 1333 3883 ad
1348 3825 1403 3884 hoc
1418 3826 1516 3898 ipsum
1540 3833 1669 3894 venerat,
1686 3831 1719 3882 ut
1733 3833 1922 3894 morereturs

209 3911 613 3992 collegeruntadsersuseum
623 3921 791 3991 concilium,
802 3923 1041 3984 neodestiterunt
1092 3913 1195 3988 Utique
1210 3914 1360 3971 attulerat
1373 3915 1450 3974 Deus
1466 3920 1495 3974 ei
1506 3916 1606 3988 ΜΟ,
1621 3917 1705 3976 *1⁰³²
1721 3917 1797 3976 (ἴω
1815 3917 1920 3974 VOlflss·

209 4001 303 4060 donec
317 4005 523 4080 crucifigerent
537 4024 604 4066 eum
620 4012 709 4079 (ioue.
726 4011 777 4085 xa).
793 4033 808 4066 u
1089 4003 1312 4076 samaritarum
1328 4005 1501 4076 uicinitatis,
1527 4014 1557 4064 et
1570 4005 1696 4066 alterurn
1722 4006 1924 4066 humanitatis

519 4098 635 4154 CAPUT
659 4099 734 4156 xtt.
1090 4092 1226 4164 habebat,
1255 4093 1311 4150 sub
1339 4093 1403 4166 ipso
1429 4095 1577 4168 passionis
1591 4094 1727 4154 articulo.
1744 4097 1923 4154 Humanitas

209 4181 299 4252 Quare
317 4181 423 4242 dictum
444 4184 500 4245 sit:
528 4185 684 4243 «Sustinui
705 4190 756 4259 qui
777 4190 863 4249 simut
885 4195 1038 4252 compara.
1089 4184 1197 4256 quippe
1211 4187 1332 4255 gustum
1349 4184 1452 4240 mortis
1466 4183 1639 4242 naturaliter
1655 4185 1780 4258 pavebat
1794 4189 1827 4245 et
1842 4187 1923 4244 retu·

289 4343 295 4356 ,
342 4345 348 4358 Ι
479 4260 556 4360 {itur
569 4264 596 4314 02
610 4275 663 4315 'wit
674 4261 741 4328 istil·
756 4282 770 4310 ‘t
1088 4271 1195 4344 giebat,
1207 4277 1236 4328 et
1247 4272 1374 4330 naturali
1386 4274 1519 4347 corporis
1532 4290 1632 4332 amore
1641 4273 1742 4334 auimo
1753 4275 1923 4346 tenebatur,

221 4345 475 4445 'Quis','ruquem,
488 4362 517 4403 m
532 4351 592 4404 tam
609 4348 724 4406 diutina
740 4349 945 4411 colluctatione
962 4373 1037 4414 rnor-
1088 4365 1116 4416 et
1130 4360 1160 4418 iu
1175 4377 1262 4419 cerae
1277 4377 1395 4421 manere
1409 4361 1534 4422 volebat.
1555 4363 1645 4421 Porro
1671 4363 1809 4423 diviuitas
1826 4365 1921 4421 ratiu-

207 4435 247 4488 trs
269 4439 407 4536 spiratum
434 4437 499 4536 eius
528 4437 629 4494 mitem
658 4443 687 4494 et
710 4439 853 4498 humilem
872 4443 1035 4516 intelligit?
1088 4449 1178 4506 nubili
1191 4450 1302 4521 judicio
1316 4451 1395 4508 uiua
1407 4451 1589 4525 intendebat,
1603 4452 1806 4528 scilicetquod
1821 4454 1860 4510 ad
1872 4472 1921 4512 sa·

211 4537 224 4572 a
242 4517 360 4587 Beatus,
376 4529 475 4594 mqust
492 4525 657 4596 Psalmista,
669 4529 719 4601 qui
731 4529 1035 4608 intelligiteuperegc·
1049 4525 1073 4592 D
1089 4539 1181 4596 lotum
1191 4539 1308 4614 generis
1319 4539 1441 4597 humani
1455 4542 1654 4600 necessarium
1666 4547 1740 4610 erat,
1751 4547 1780 4600 et
1790 4543 1858 4614 ejus
1868 4562 1921 4600 na·

208 4613 325 4712 ”umba
342 4625 498 4710 mullerem
516 4615 604 4688 (Paul.
620 4619 677 4689 xa),
695 4642 707 4669 ι
731 4637 817 4692 quem
830 4624 913 4692 Juxta
927 4626 1034 4698 psalmi
1089 4633 1160 4685 iure
1176 4628 1356 4686 voluntatem
1373 4647 1433 4687 sue
1448 4631 1591 4690 voluntati
1603 4631 1922 4704 humanitaspratars·

206 4697 327 4756 alterius
341 4698 529 4800 versiculum,
546 4708 775 4778 persequebatur
788 4709 818 4766 in
832 4710 848 4768 J
853 4713 919 4784 uda,
938 4731 1034 4786 perse·
1089 4718 1147 4786 bat,
1165 4719 1427 4778 deminoratione
1443 4736 1496 4778 sua
1510 4721 1675 4794 premisso,
1691 4745 1706 4773 a
1721 4722 1762 4781 ttt
1776 4722 1876 4787 Pater,
1893 4724 1920 4780 si

208 4789 355 4890 quebatur
370 4806 400 4846 sn
415 4790 538 4850 Judatco
552 4794 660 4867 populo
675 4797 762 4854 draco
777 4797 836 4866 ille,
853 4823 868 4852 u
884 4801 1034 4864 hominem
1088 4807 1227 4881 possibile
1248 4813 1303 4880 eet,
1319 4811 1449 4866 censeat
1463 4827 1481 4866 a
1495 4826 1541 4868 me
1564 4810 1640 4868 calix
1659 4812 1726 4882 iste,
1744 4833 1756 4864 s
1773 4813 1920 4872 continuo

210 4891 330 4952 inopem
342 4883 371 4938 et
385 4879 566 4956 mendicum,
581 4891 608 4940 et
618 4892 826 4958 compunctum
837 4891 923 4948 corde
935 4897 1034 4954 morti·
1087 4897 1259 4970 subjunxit:
1276 4920 1290 4950 a
1307 4897 1505 4958 Veruntamen
1524 4916 1583 4960 non
1597 4900 1677 4962 sicut
1687 4918 1753 4974 'ego
1769 4901 1848 4971 volo.
1863 4905 1919 4960 sed

204 4965 291 5025 ficere
315 4969 402 5074 (Psoi.
425 4973 516 5046 uviri).
533 4995 548 5024 a
573 4978 631 5031 Nos
656 4990 729 5050 peno
744 4977 895 5049 indociles.
912 4985 963 5040 aut
986 4985 1031 5041 ui·
1087 4989 1164 5048 sicat
1176 4993 1208 5046 tu
1224 4987 1336 5062 (Mutila.
1356 4990 1441 5062 aava).
1459 5012 1474 5042 s
1490 4990 1557 5046 Siue
1581 4991 1644 5048 ita:
1673 4991 1918 5052 «veramuueu

202 5055 298 5159 mium
315 5060 392 5116 tardi
408 5062 444 5163 ad
460 5061 634 5122 discendum
655 5065 691 5122 ab
714 5064 928 5138 ipsodicente:
951 5094 965 5124 a
981 5073 1031 5132 Di.
1086 5094 1145 5136 nou
1160 5093 1226 5136 maa
1238 5076 1385 5148 voluntas,
1402 5079 1453 5136 ped
1469 5083 1518 5136 tua
1529 5079 1581 5136 opp
1594 5081 1671 5152 (ιω,
1687 5081 1791 5152 unq,
1810 5081 1919 5154 Juque

202 5151 275 5204 sorte
292 5164 311 5202 a
322 5164 457 5222 me,qu1a
472 5151 552 5209 mitis
567 5169 634 5210 sum
645 5160 674 5212 et
689 5154 810 5214 humilis
824 5159 911 5216 csrrde
922 5161 1028 5235 (Mmtt,
1085 5167 1203 5241 quidam
1218 5167 1382 5226 meandum
1394 5167 1561 5229 uicinitatis
1575 5171 1718 5231 tutonem
1732 5171 1919 5246 cippumflpt.

202 5235 255 5306 ιι),
273 5257 288 5338 a
314 5254 405 5310 super
419 5255 485 5296 eum
511 5258 680 5314 pauperem,
695 5263 785 5320 super
803 5264 870 5306 eum
885 5251 985 5310 mitem
1001 5259 1030 5312 et
1084 5257 1321 5327 aiebatquerens
1332 5256 1532 5323 auxiliantem.
1548 5260 1600 5315 sed
1613 5262 1777 5320 secundum
1787 5269 1917 5320 aurire·

203 5323 361 5399 humilem,
378 5330 533 5431 prenobis
548 5331 705 5404 delentem,
721 5352 773 5410 pro
789 5339 872 5394 nobis
894 5341 1028 5401 vulnera·
1083 5347 1140 5404 lem
1156 5361 1275 5402 sensum
1291 5346 1387 5402 carnis
1398 5346 1513 5404 volebat
1525 5347 1581 5408 boo
1594 5349 1703 5422 ipsum,
1715 5353 1834 5422 etquod
1846 5371 1916 5408 ean·

203 5418 281 5515 tum,
297 5414 383 5491 longe
399 5435 497 5521 minus
513 5421 707 5521 intelligimus
721 5434 931 5501 quamcportet
945 5431 1028 5492 intel·
1082 5437 1122 5495 cti
1138 5435 1272 5494 homiues
1287 5433 1421 5504 mellent,
1438 5436 1568 5496 diceutes
1582 5455 1650 5496 cum
1667 5439 1808 5509 apostata
1824 5457 1831 5495 :
1850 5466 1863 5492 ι
1877 5443 1917 5500 lte

202 5499 304 5576 ¹¹8⁰f0·
329 5527 344 5557 ι(
360 5511 440 5580 Ecce,
463 5516 561 5585 mqurt
576 5513 726 5586 propheta,
742 5519 889 5589 quomodo
904 5525 1029 5580 moritur
1082 5524 1159 5597 quod
1185 5521 1323 5580 nolumus
1338 5523 1506 5595 exspoliari,
1522 5528 1574 5582 sed
1596 5528 1800 5600 supervestiri,
1816 5535 1848 5586 et
1862 5533 1915 5586 ab·

198 5587 312 5665 justus,
328 5598 359 5654 et
380 5613 466 5659 nemo
482 5600 605 5676 percipis
629 5605 715 5662 come
738 5605 804 5677 tica.
828 5609 937 5684 sitq.»
961 5613 1027 5688 ipsc
1081 5615 1234 5678 urucam
1247 5611 1280 5670 tu
1293 5613 1371 5688 qast
1386 5614 1509 5676 mortue
1522 5621 1601 5680 csta
1623 5617 1735 5693 vitatu
1757 5619 1824 5678 aar.
1841 5623 1914 5692 q..
