<?xml version="1.0" encoding="UTF-8"?>
<!DOCTYPE html PUBLIC "-//W3C//DTD XHTML 1.0 Transitional//EN"
    "http://www.w3.org/TR/xhtml1/DTD/xhtml1-transitional.dtd">
<html xmlns="http://www.w3.org/1999/xhtml" xml:lang="en" lang="en">
 <head>
  <title>
</title>
<meta http-equiv="Content-Type" content="text/html;charset=utf-8" />
  <meta name='ocr-system' content='tesseract 3.04.00' />
  <meta name='ocr-capabilities' content='ocr_page ocr_carea ocr_par ocr_line ocrx_word'/>
</head>
<body>
  <div class='ocr_page' id='page_1' title='image "./patrologiaecurs26goog/patrologiaecurs26goog_0584.png"; bbox 0 0 3976 6064; ppageno 0'>
   <div class='ocr_carea' id='block_1_1' title="bbox 78 291 1785 379">
    <p class='ocr_par' dir='ltr' id='par_1_1' title="bbox 78 291 1785 379">
     <span class='ocr_line' id='line_1_1' title="bbox 78 291 1785 379; baseline 0.001 -16"><span class='ocrx_word' id='word_1_1' title='bbox 78 299 157 364; x_wconf 79' lang='lat' dir='ltr'><strong>ssli&#39;l</strong></span> <span class='ocrx_word' id='word_1_2' title='bbox 427 297 631 360; x_wconf 79' lang='lat' dir='ltr'><strong>COMMENT.</strong></span> <span class='ocrx_word' id='word_1_3' title='bbox 654 296 694 358; x_wconf 78' lang='lat' dir='ltr'><strong>lu</strong></span> <span class='ocrx_word' id='word_1_4' title='bbox 716 291 1003 358; x_wconf 73' lang='lat' dir='ltr'><strong>reuertissent.</strong></span> <span class='ocrx_word' id='word_1_5' title='bbox 1026 329 1065 342; x_wconf 89' lang='lat'>-</span> <span class='ocrx_word' id='word_1_6' title='bbox 1086 297 1164 362; x_wconf 75' lang='lat' dir='ltr'><strong>tte.</strong></span> <span class='ocrx_word' id='word_1_7' title='bbox 1185 299 1222 379; x_wconf 87' lang='lat' dir='ltr'><strong>X,</strong></span> <span class='ocrx_word' id='word_1_8' title='bbox 1244 300 1333 362; x_wconf 81' lang='lat' dir='ltr'>OAP.</span> <span class='ocrx_word' id='word_1_9' title='bbox 1357 299 1436 364; x_wconf 85' lang='lat' dir='ltr'><strong>xlx.</strong></span> <span class='ocrx_word' id='word_1_10' title='bbox 1705 305 1785 366; x_wconf 85' lang='lat' dir='ltr'><strong>1l58</strong></span> 
     </span>
    </p>
   </div>
   <div class='ocr_carea' id='block_1_2' title="bbox 13 429 1789 5692">
    <p class='ocr_par' dir='ltr' id='par_1_2' title="bbox 13 429 1789 5692">
     <span class='ocr_line' id='line_1_2' title="bbox 116 429 1784 511; baseline 0.004 -24"><span class='ocrx_word' id='word_1_11' title='bbox 116 459 132 487; x_wconf 75' lang='lat' dir='ltr'><strong>a</strong></span> <span class='ocrx_word' id='word_1_12' title='bbox 149 436 248 489; x_wconf 79' lang='lat' dir='ltr'><strong>Etrox</strong></span> <span class='ocrx_word' id='word_1_13' title='bbox 261 429 488 490; x_wconf 71' lang='lat' dir='ltr'><strong>citharoedorum</strong></span> <span class='ocrx_word' id='word_1_14' title='bbox 504 436 534 490; x_wconf 92' lang='lat' dir='ltr'><strong>et</strong></span> <span class='ocrx_word' id='word_1_15' title='bbox 561 431 765 498; x_wconf 86' lang='lat' dir='ltr'><strong>musicarum„</strong></span> <span class='ocrx_word' id='word_1_16' title='bbox 781 434 810 486; x_wconf 90' lang='lat' dir='ltr'><strong>ct</strong></span> <span class='ocrx_word' id='word_1_17' title='bbox 832 429 905 486; x_wconf 89' lang='lat' dir='ltr'><strong>tibia</strong></span> <span class='ocrx_word' id='word_1_18' title='bbox 919 434 945 500; x_wconf 71' lang='grc' dir='ltr'><strong>Α</strong></span> <span class='ocrx_word' id='word_1_19' title='bbox 962 431 1097 504; x_wconf 87' lang='lat' dir='ltr'><strong>tentiam,</strong></span> <span class='ocrx_word' id='word_1_20' title='bbox 1108 441 1136 490; x_wconf 86' lang='lat' dir='ltr'><strong>et</strong></span> <span class='ocrx_word' id='word_1_21' title='bbox 1149 435 1186 490; x_wconf 90' lang='lat' dir='ltr'><strong>de</strong></span> <span class='ocrx_word' id='word_1_22' title='bbox 1201 434 1669 510; x_wconf 73' lang='lat' dir='ltr'><strong>multiplicissimplarumatque</strong></span> <span class='ocrx_word' id='word_1_23' title='bbox 1683 439 1784 511; x_wconf 81' lang='lat' dir='ltr'><strong>impee-</strong></span> 
     </span>
     <span class='ocr_line' id='line_1_3' title="bbox 78 517 1783 597; baseline 0.002 -16"><span class='ocrx_word' id='word_1_24' title='bbox 78 523 262 589; x_wconf 87' lang='lat' dir='ltr'><strong>oaneotium,</strong></span> <span class='ocrx_word' id='word_1_25' title='bbox 279 521 390 578; x_wconf 84' lang='lat' dir='ltr'><strong>attuba</strong></span> <span class='ocrx_word' id='word_1_26' title='bbox 406 539 464 578; x_wconf 89' lang='lat' dir='ltr'><strong>uon</strong></span> <span class='ocrx_word' id='word_1_27' title='bbox 481 523 619 579; x_wconf 88' lang='lat' dir='ltr'><strong>audietur</strong></span> <span class='ocrx_word' id='word_1_28' title='bbox 647 520 678 577; x_wconf 89' lang='lat' dir='ltr'><strong>in</strong></span> <span class='ocrx_word' id='word_1_29' title='bbox 694 523 722 577; x_wconf 87' lang='lat' dir='ltr'><strong>te</strong></span> <span class='ocrx_word' id='word_1_30' title='bbox 736 517 875 594; x_wconf 88' lang='lat' dir='ltr'><strong>amplius.</strong></span> <span class='ocrx_word' id='word_1_31' title='bbox 894 539 909 570; x_wconf 82' lang='lat' dir='ltr'><strong>n</strong></span> <span class='ocrx_word' id='word_1_32' title='bbox 960 521 1117 580; x_wconf 78' lang='lat' dir='ltr'><strong>nitentium</strong></span> <span class='ocrx_word' id='word_1_33' title='bbox 1130 523 1242 580; x_wconf 88' lang='lat' dir='ltr'><strong>dictum</strong></span> <span class='ocrx_word' id='word_1_34' title='bbox 1257 533 1310 594; x_wconf 84' lang='lat' dir='ltr'><strong>est,</strong></span> <span class='ocrx_word' id='word_1_35' title='bbox 1327 541 1405 582; x_wconf 89' lang='lat' dir='ltr'><strong>nunc</strong></span> <span class='ocrx_word' id='word_1_36' title='bbox 1420 527 1455 582; x_wconf 90' lang='lat' dir='ltr'><strong>de</strong></span> <span class='ocrx_word' id='word_1_37' title='bbox 1477 526 1607 583; x_wconf 86' lang='lat' dir='ltr'><strong>carmine</strong></span> <span class='ocrx_word' id='word_1_38' title='bbox 1631 527 1783 597; x_wconf 79' lang='lat' dir='ltr'><strong>justorum</strong></span> 
     </span>
     <span class='ocr_line' id='line_1_4' title="bbox 80 609 1785 686; baseline 0.002 -15"><span class='ocrx_word' id='word_1_39' title='bbox 80 617 246 672; x_wconf 85' lang='lat' dir='ltr'><strong>Hacantam</strong></span> <span class='ocrx_word' id='word_1_40' title='bbox 259 611 396 683; x_wconf 83' lang='lat' dir='ltr'><strong>superius</strong></span> <span class='ocrx_word' id='word_1_41' title='bbox 406 611 633 685; x_wconf 70' lang='lat' dir='ltr'><strong>anticipavimus</strong></span> <span class='ocrx_word' id='word_1_42' title='bbox 642 609 910 683; x_wconf 89' lang='lat' dir='ltr'><strong>procantinuandie</strong></span> <span class='ocrx_word' id='word_1_43' title='bbox 959 627 1057 669; x_wconf 84' lang='lat' dir='ltr'><strong>vocem</strong></span> <span class='ocrx_word' id='word_1_44' title='bbox 1074 631 1329 686; x_wconf 85' lang='lat' dir='ltr'><strong>magnam‚rocam</strong></span> <span class='ocrx_word' id='word_1_45' title='bbox 1338 614 1561 672; x_wconf 77' lang='lat' dir='ltr'><strong>desiderabilem</strong></span> <span class='ocrx_word' id='word_1_46' title='bbox 1570 617 1605 672; x_wconf 89' lang='lat' dir='ltr'><strong>de</strong></span> <span class='ocrx_word' id='word_1_47' title='bbox 1617 614 1689 672; x_wconf 77' lang='lat' dir='ltr'><strong>eaelo</strong></span> <span class='ocrx_word' id='word_1_48' title='bbox 1701 618 1785 674; x_wconf 87' lang='lat' dir='ltr'><strong>audi·</strong></span> 
     </span>
     <span class='ocr_line' id='line_1_5' title="bbox 79 699 1527 778; baseline 0.001 -19"><span class='ocrx_word' id='word_1_49' title='bbox 79 705 358 777; x_wconf 87' lang='lat' dir='ltr'><strong>quiaqueseneuum</strong></span> <span class='ocrx_word' id='word_1_50' title='bbox 370 699 910 774; x_wconf 84' lang='lat' dir='ltr'><strong>corporisroluptatibos,quiaoetera</strong></span> <span class='ocrx_word' id='word_1_51' title='bbox 961 705 1032 772; x_wconf 85' lang='lat' dir='ltr'><strong>tam,</strong></span> <span class='ocrx_word' id='word_1_52' title='bbox 1050 719 1138 760; x_wconf 85' lang='lat' dir='ltr'><strong>sensu</strong></span> <span class='ocrx_word' id='word_1_53' title='bbox 1158 703 1346 777; x_wconf 74' lang='lat' dir='ltr'><strong>diligentiore</strong></span> <span class='ocrx_word' id='word_1_54' title='bbox 1360 721 1527 778; x_wconf 84' lang='lat' dir='ltr'><strong>carpamus.</strong></span> 
     </span>
     <span class='ocr_line' id='line_1_6' title="bbox 81 787 1779 867; baseline 0.002 -18"><span class='ocrx_word' id='word_1_55' title='bbox 81 787 909 866; x_wconf 75' lang='lat' dir='ltr'><strong>quasillicdeflebantur,ceterissensibusloxuriantibos</strong></span> <span class='ocrx_word' id='word_1_56' title='bbox 995 790 1153 850; x_wconf 70' lang='lat' dir='ltr'><strong>clnxlx.</strong></span> <span class='ocrx_word' id='word_1_57' title='bbox 1172 813 1230 844; x_wconf 76' lang='lat' dir='ltr'><strong>-a</strong></span> <span class='ocrx_word' id='word_1_58' title='bbox 1260 793 1328 850; x_wconf 86' lang='lat' dir='ltr'><strong>Post</strong></span> <span class='ocrx_word' id='word_1_59' title='bbox 1354 793 1416 851; x_wconf 78' lang='lat' dir='ltr'><strong>bec</strong></span> <span class='ocrx_word' id='word_1_60' title='bbox 1439 795 1537 852; x_wconf 79' lang='lat' dir='ltr'><strong>audrei</strong></span> <span class='ocrx_word' id='word_1_61' title='bbox 1567 798 1652 867; x_wconf 83' lang='lat' dir='ltr'><strong>quasi</strong></span> <span class='ocrx_word' id='word_1_62' title='bbox 1680 811 1779 852; x_wconf 88' lang='lat' dir='ltr'><strong>vocem</strong></span> 
     </span>
     <span class='ocr_line' id='line_1_7' title="bbox 82 875 1782 950; baseline 0.002 -12"><span class='ocrx_word' id='word_1_63' title='bbox 82 881 276 948; x_wconf 82' lang='lat' dir='ltr'><strong>temulenter,</strong></span> <span class='ocrx_word' id='word_1_64' title='bbox 291 878 504 936; x_wconf 86' lang='lat' dir='ltr'><strong>istiseutamid</strong></span> <span class='ocrx_word' id='word_1_65' title='bbox 520 875 911 936; x_wconf 86' lang='lat' dir='ltr'><strong>estmueicisinstrumentie</strong></span> <span class='ocrx_word' id='word_1_66' title='bbox 960 883 1528 950; x_wconf 85' lang='lat' dir='ltr'><strong>magnamtubarummulterumincrelo</strong></span> <span class='ocrx_word' id='word_1_67' title='bbox 1542 885 1704 944; x_wconf 85' lang='lat' dir='ltr'><strong>dicentium</strong></span> <span class='ocrx_word' id='word_1_68' title='bbox 1717 884 1782 942; x_wconf 77' lang='lat' dir='ltr'><strong>:el-</strong></span> 
     </span>
     <span class='ocr_line' id='line_1_8' title="bbox 82 967 1783 1047; baseline 0.003 -20"><span class='ocrx_word' id='word_1_69' title='bbox 82 969 269 1028; x_wconf 88' lang='lat' dir='ltr'><strong>demulcetur</strong></span> <span class='ocrx_word' id='word_1_70' title='bbox 284 967 579 1026; x_wconf 75' lang='lat' dir='ltr'><strong>auditosalleererc</strong></span> <span class='ocrx_word' id='word_1_71' title='bbox 596 969 804 1024; x_wconf 75' lang='lat' dir='ltr'><strong>frustrabantur</strong></span> <span class='ocrx_word' id='word_1_72' title='bbox 820 981 911 1023; x_wconf 88' lang='lat' dir='ltr'><strong>mere-</strong></span> <span class='ocrx_word' id='word_1_73' title='bbox 959 967 1466 1044; x_wconf 86' lang='lat' dir='ltr'><strong>leluia;laueetglorie,etrirtus</strong></span> <span class='ocrx_word' id='word_1_74' title='bbox 1486 980 1544 1032; x_wconf 84' lang='lat' dir='ltr'><strong>Deo</strong></span> <span class='ocrx_word' id='word_1_75' title='bbox 1572 981 1683 1044; x_wconf 86' lang='lat' dir='ltr'><strong>nostro,</strong></span> <span class='ocrx_word' id='word_1_76' title='bbox 1713 975 1783 1047; x_wconf 88' lang='lat' dir='ltr'><strong>quia</strong></span> 
     </span>
     <span class='ocr_line' id='line_1_9' title="bbox 82 1053 1785 1134; baseline 0.003 -18"><span class='ocrx_word' id='word_1_77' title='bbox 82 1061 168 1116; x_wconf 87' lang='lat' dir='ltr'><strong>tricis</strong></span> <span class='ocrx_word' id='word_1_78' title='bbox 185 1058 298 1116; x_wconf 85' lang='lat' dir='ltr'><strong>musica</strong></span> <span class='ocrx_word' id='word_1_79' title='bbox 313 1058 412 1114; x_wconf 92' lang='lat' dir='ltr'><strong>umuie</strong></span> <span class='ocrx_word' id='word_1_80' title='bbox 428 1058 652 1124; x_wconf 86' lang='lat' dir='ltr'><strong>condemnetur,</strong></span> <span class='ocrx_word' id='word_1_81' title='bbox 670 1057 739 1129; x_wconf 89' lang='lat' dir='ltr'><strong>quia</strong></span> <span class='ocrx_word' id='word_1_82' title='bbox 769 1053 911 1112; x_wconf 88' lang='lat' dir='ltr'><strong>nimirum</strong></span> <span class='ocrx_word' id='word_1_83' title='bbox 961 1073 1028 1115; x_wconf 87' lang='lat' dir='ltr'><strong>vera</strong></span> <span class='ocrx_word' id='word_1_84' title='bbox 1043 1059 1163 1130; x_wconf 86' lang='lat' dir='ltr'><strong>etjueta</strong></span> <span class='ocrx_word' id='word_1_85' title='bbox 1174 1061 1288 1132; x_wconf 84' lang='lat' dir='ltr'><strong>judicia</strong></span> <span class='ocrx_word' id='word_1_86' title='bbox 1303 1064 1367 1134; x_wconf 83' lang='lat' dir='ltr'><strong>ejus</strong></span> <span class='ocrx_word' id='word_1_87' title='bbox 1393 1069 1474 1132; x_wconf 90' lang='lat' dir='ltr'><strong>sunt,</strong></span> <span class='ocrx_word' id='word_1_88' title='bbox 1500 1065 1568 1134; x_wconf 91' lang='lat' dir='ltr'><strong>quia</strong></span> <span class='ocrx_word' id='word_1_89' title='bbox 1588 1066 1731 1134; x_wconf 79' lang='lat' dir='ltr'><strong>Judicavit</strong></span> <span class='ocrx_word' id='word_1_90' title='bbox 1747 1067 1785 1121; x_wconf 90' lang='lat' dir='ltr'><strong>de</strong></span> 
     </span>
     <span class='ocr_line' id='line_1_10' title="bbox 82 1145 1785 1226; baseline 0.004 -22"><span class='ocrx_word' id='word_1_91' title='bbox 82 1148 198 1204; x_wconf 87' lang='lat' dir='ltr'><strong>lubrice</strong></span> <span class='ocrx_word' id='word_1_92' title='bbox 211 1147 371 1214; x_wconf 80' lang='lat' dir='ltr'><strong>etleaciva,</strong></span> <span class='ocrx_word' id='word_1_93' title='bbox 387 1145 447 1203; x_wconf 89' lang='lat' dir='ltr'><strong>iuro</strong></span> <span class='ocrx_word' id='word_1_94' title='bbox 463 1147 552 1203; x_wconf 90' lang='lat' dir='ltr'><strong>etiem</strong></span> <span class='ocrx_word' id='word_1_95' title='bbox 575 1145 674 1218; x_wconf 90' lang='lat' dir='ltr'><strong>turpia</strong></span> <span class='ocrx_word' id='word_1_96' title='bbox 689 1149 717 1200; x_wconf 90' lang='lat' dir='ltr'><strong>et</strong></span> <span class='ocrx_word' id='word_1_97' title='bbox 741 1145 911 1200; x_wconf 75' lang='lat' dir='ltr'><strong>demonum</strong></span> <span class='ocrx_word' id='word_1_98' title='bbox 961 1147 1115 1205; x_wconf 86' lang='lat' dir='ltr'><strong>meretrice</strong></span> <span class='ocrx_word' id='word_1_99' title='bbox 1127 1164 1244 1222; x_wconf 83' lang='lat' dir='ltr'><strong>magna,</strong></span> <span class='ocrx_word' id='word_1_100' title='bbox 1261 1167 1324 1222; x_wconf 82' lang='lat' dir='ltr'><strong>que</strong></span> <span class='ocrx_word' id='word_1_101' title='bbox 1336 1151 1582 1223; x_wconf 87' lang='lat' dir='ltr'><strong>corrupitterram</strong></span> <span class='ocrx_word' id='word_1_102' title='bbox 1600 1154 1629 1210; x_wconf 92' lang='lat' dir='ltr'><strong>in</strong></span> <span class='ocrx_word' id='word_1_103' title='bbox 1646 1154 1785 1226; x_wconf 87' lang='lat' dir='ltr'><strong>prostitu-</strong></span> 
     </span>
     <span class='ocr_line' id='line_1_11' title="bbox 87 1232 1783 1313; baseline 0.002 -19"><span class='ocrx_word' id='word_1_104' title='bbox 87 1253 206 1310; x_wconf 87' lang='lat' dir='ltr'><strong>quoqus</strong></span> <span class='ocrx_word' id='word_1_105' title='bbox 217 1236 513 1309; x_wconf 85' lang='lat' dir='ltr'><strong>phantesmatesunt,</strong></span> <span class='ocrx_word' id='word_1_106' title='bbox 527 1251 592 1307; x_wconf 84' lang='lat' dir='ltr'><strong>qua</strong></span> <span class='ocrx_word' id='word_1_107' title='bbox 607 1237 643 1291; x_wconf 89' lang='lat' dir='ltr'><strong>eb</strong></span> <span class='ocrx_word' id='word_1_108' title='bbox 659 1232 910 1302; x_wconf 88' lang='lat' dir='ltr'><strong>illaoaatitentur,</strong></span> <span class='ocrx_word' id='word_1_109' title='bbox 962 1237 1040 1294; x_wconf 86' lang='lat' dir='ltr'><strong>tione</strong></span> <span class='ocrx_word' id='word_1_110' title='bbox 1057 1254 1122 1306; x_wconf 92' lang='lat' dir='ltr'><strong>sue,</strong></span> <span class='ocrx_word' id='word_1_111' title='bbox 1139 1243 1168 1294; x_wconf 91' lang='lat' dir='ltr'><strong>et</strong></span> <span class='ocrx_word' id='word_1_112' title='bbox 1182 1239 1336 1296; x_wconf 83' lang='lat' dir='ltr'><strong>vindicavit</strong></span> <span class='ocrx_word' id='word_1_113' title='bbox 1352 1241 1528 1313; x_wconf 87' lang='lat' dir='ltr'><strong>sanguinem</strong></span> <span class='ocrx_word' id='word_1_114' title='bbox 1546 1258 1696 1300; x_wconf 90' lang='lat' dir='ltr'><strong>servorum</strong></span> <span class='ocrx_word' id='word_1_115' title='bbox 1712 1257 1783 1300; x_wconf 90' lang='lat' dir='ltr'><strong>suo·</strong></span> 
     </span>
     <span class='ocr_line' id='line_1_12' title="bbox 88 1321 1782 1399; baseline 0.002 -16"><span class='ocrx_word' id='word_1_116' title='bbox 88 1330 117 1383; x_wconf 92' lang='lat' dir='ltr'><strong>et</strong></span> <span class='ocrx_word' id='word_1_117' title='bbox 125 1321 910 1383; x_wconf 82' lang='lat' dir='ltr'><strong>eorumsaevitatemaximeadincitamentalibidinum</strong></span> <span class='ocrx_word' id='word_1_118' title='bbox 962 1341 1028 1380; x_wconf 90' lang='lat' dir='ltr'><strong>rom</strong></span> <span class='ocrx_word' id='word_1_119' title='bbox 1040 1327 1077 1382; x_wconf 86' lang='lat' dir='ltr'><strong>de</strong></span> <span class='ocrx_word' id='word_1_120' title='bbox 1091 1327 1229 1382; x_wconf 84' lang='lat' dir='ltr'><strong>menibus</strong></span> <span class='ocrx_word' id='word_1_121' title='bbox 1244 1328 1318 1399; x_wconf 87' lang='lat' dir='ltr'><strong>ejus.</strong></span> <span class='ocrx_word' id='word_1_122' title='bbox 1331 1329 1366 1384; x_wconf 81' lang='lat' dir='ltr'><strong>lit</strong></span> <span class='ocrx_word' id='word_1_123' title='bbox 1380 1329 1485 1386; x_wconf 89' lang='lat' dir='ltr'><strong>iterum</strong></span> <span class='ocrx_word' id='word_1_124' title='bbox 1501 1330 1639 1387; x_wconf 80' lang='lat' dir='ltr'><strong>dixerunt</strong></span> <span class='ocrx_word' id='word_1_125' title='bbox 1653 1331 1782 1388; x_wconf 91' lang='lat' dir='ltr'><strong>alleluia.</strong></span> 
     </span>
     <span class='ocr_line' id='line_1_13' title="bbox 86 1409 1784 1488; baseline 0.003 -17"><span class='ocrx_word' id='word_1_126' title='bbox 86 1417 188 1472; x_wconf 89' lang='lat' dir='ltr'><strong>eadem</strong></span> <span class='ocrx_word' id='word_1_127' title='bbox 197 1413 333 1471; x_wconf 76' lang='lat' dir='ltr'><strong>meretrix</strong></span> <span class='ocrx_word' id='word_1_128' title='bbox 355 1414 496 1472; x_wconf 88' lang='lat' dir='ltr'><strong>abutitur.</strong></span> <span class='ocrx_word' id='word_1_129' title='bbox 515 1412 780 1470; x_wconf 81' lang='lat' dir='ltr'><strong>Ceteruminreris</strong></span> <span class='ocrx_word' id='word_1_130' title='bbox 792 1410 839 1466; x_wconf 82' lang='lat' dir='ltr'><strong>Dei</strong></span> <span class='ocrx_word' id='word_1_131' title='bbox 851 1409 911 1467; x_wconf 89' lang='lat' dir='ltr'><strong>reri</strong></span> <span class='ocrx_word' id='word_1_132' title='bbox 962 1413 997 1469; x_wconf 79' lang='lat' dir='ltr'><strong>lit</strong></span> <span class='ocrx_word' id='word_1_133' title='bbox 1012 1415 1110 1472; x_wconf 91' lang='lat' dir='ltr'><strong>lumos</strong></span> <span class='ocrx_word' id='word_1_134' title='bbox 1121 1417 1187 1488; x_wconf 88' lang='lat' dir='ltr'><strong>ejus</strong></span> <span class='ocrx_word' id='word_1_135' title='bbox 1202 1417 1337 1472; x_wconf 88' lang='lat' dir='ltr'><strong>ascendit</strong></span> <span class='ocrx_word' id='word_1_136' title='bbox 1351 1418 1380 1473; x_wconf 92' lang='lat' dir='ltr'><strong>in</strong></span> <span class='ocrx_word' id='word_1_137' title='bbox 1410 1419 1517 1474; x_wconf 75' lang='lat' dir='ltr'><strong>secede</strong></span> <span class='ocrx_word' id='word_1_138' title='bbox 1543 1420 1731 1476; x_wconf 79' lang='lat' dir='ltr'><strong>saecolorum.</strong></span> <span class='ocrx_word' id='word_1_139' title='bbox 1747 1421 1784 1476; x_wconf 71' lang='lat' dir='ltr'><strong>lit</strong></span> 
     </span>
     <span class='ocr_line' id='line_1_14' title="bbox 87 1499 1785 1581; baseline 0.002 -20"><span class='ocrx_word' id='word_1_140' title='bbox 87 1505 227 1562; x_wconf 85' lang='lat' dir='ltr'><strong>leudibus</strong></span> <span class='ocrx_word' id='word_1_141' title='bbox 241 1503 437 1576; x_wconf 85' lang='lat' dir='ltr'><strong>pulcherrime</strong></span> <span class='ocrx_word' id='word_1_142' title='bbox 452 1503 524 1560; x_wconf 87' lang='lat' dir='ltr'><strong>artie</strong></span> <span class='ocrx_word' id='word_1_143' title='bbox 538 1503 657 1560; x_wconf 80' lang='lat' dir='ltr'><strong>musices</strong></span> <span class='ocrx_word' id='word_1_144' title='bbox 673 1500 846 1559; x_wconf 75' lang='lat' dir='ltr'><strong>rationabile</strong></span> <span class='ocrx_word' id='word_1_145' title='bbox 860 1499 913 1556; x_wconf 85' lang='lat' dir='ltr'><strong>ab·</strong></span> <span class='ocrx_word' id='word_1_146' title='bbox 962 1502 1130 1561; x_wconf 89' lang='lat' dir='ltr'><strong>ceciderunt</strong></span> <span class='ocrx_word' id='word_1_147' title='bbox 1144 1506 1275 1562; x_wconf 85' lang='lat' dir='ltr'><strong>seniores</strong></span> <span class='ocrx_word' id='word_1_148' title='bbox 1289 1506 1392 1579; x_wconf 81' lang='lat' dir='ltr'><strong>viginti</strong></span> <span class='ocrx_word' id='word_1_149' title='bbox 1407 1515 1532 1578; x_wconf 88' lang='lat' dir='ltr'><strong>quatuor</strong></span> <span class='ocrx_word' id='word_1_150' title='bbox 1547 1516 1574 1565; x_wconf 87' lang='lat' dir='ltr'><strong>et</strong></span> <span class='ocrx_word' id='word_1_151' title='bbox 1588 1513 1714 1581; x_wconf 88' lang='lat' dir='ltr'><strong>quatuor</strong></span> <span class='ocrx_word' id='word_1_152' title='bbox 1725 1510 1785 1564; x_wconf 91' lang='lat' dir='ltr'><strong>ani-</strong></span> 
     </span>
     <span class='ocr_line' id='line_1_15' title="bbox 89 1589 1785 1668; baseline 0.001 -16"><span class='ocrx_word' id='word_1_153' title='bbox 89 1596 226 1668; x_wconf 85' lang='lat' dir='ltr'><strong>erquium</strong></span> <span class='ocrx_word' id='word_1_154' title='bbox 238 1593 615 1667; x_wconf 86' lang='lat' dir='ltr'><strong>laudabiliteracceptatur,</strong></span> <span class='ocrx_word' id='word_1_155' title='bbox 626 1599 654 1650; x_wconf 92' lang='lat' dir='ltr'><strong>et</strong></span> <span class='ocrx_word' id='word_1_156' title='bbox 666 1591 768 1665; x_wconf 89' lang='lat' dir='ltr'><strong>eisqui</strong></span> <span class='ocrx_word' id='word_1_157' title='bbox 781 1589 914 1663; x_wconf 86' lang='lat' dir='ltr'><strong>legitime</strong></span> <span class='ocrx_word' id='word_1_158' title='bbox 964 1592 1063 1662; x_wconf 89' lang='lat' dir='ltr'><strong>melia,</strong></span> <span class='ocrx_word' id='word_1_159' title='bbox 1078 1600 1108 1650; x_wconf 88' lang='lat' dir='ltr'><strong>et</strong></span> <span class='ocrx_word' id='word_1_160' title='bbox 1122 1595 1315 1652; x_wconf 81' lang='lat' dir='ltr'><strong>adoraverunt</strong></span> <span class='ocrx_word' id='word_1_161' title='bbox 1326 1595 1420 1652; x_wconf 88' lang='lat' dir='ltr'><strong>Deum</strong></span> <span class='ocrx_word' id='word_1_162' title='bbox 1435 1597 1585 1652; x_wconf 87' lang='lat' dir='ltr'><strong>sedentem</strong></span> <span class='ocrx_word' id='word_1_163' title='bbox 1600 1613 1689 1667; x_wconf 89' lang='lat' dir='ltr'><strong>super</strong></span> <span class='ocrx_word' id='word_1_164' title='bbox 1700 1598 1785 1654; x_wconf 85' lang='lat' dir='ltr'><strong>thro·</strong></span> 
     </span>
     <span class='ocr_line' id='line_1_16' title="bbox 90 1679 1784 1758; baseline 0.001 -18"><span class='ocrx_word' id='word_1_165' title='bbox 90 1679 914 1758; x_wconf 83' lang='lat' dir='ltr'><strong>renunt,etsapienterpsallunt,remnneralicvelprer-</strong></span> <span class='ocrx_word' id='word_1_166' title='bbox 964 1682 1583 1752; x_wconf 72' lang='lat' dir='ltr'><strong>num,direntee:tmenalleloialltvoa</strong></span> <span class='ocrx_word' id='word_1_167' title='bbox 1613 1687 1649 1742; x_wconf 92' lang='lat' dir='ltr'><strong>de</strong></span> <span class='ocrx_word' id='word_1_168' title='bbox 1678 1686 1784 1742; x_wconf 86' lang='lat' dir='ltr'><strong>throno</strong></span> 
     </span>
     <span class='ocr_line' id='line_1_17' title="bbox 86 1769 1786 1860; baseline 0.001 -30"><span class='ocrx_word' id='word_1_169' title='bbox 86 1775 179 1830; x_wconf 87' lang='lat' dir='ltr'><strong>mium</strong></span> <span class='ocrx_word' id='word_1_170' title='bbox 192 1773 371 1832; x_wconf 86' lang='lat' dir='ltr'><strong>eritocrmen</strong></span> <span class='ocrx_word' id='word_1_171' title='bbox 381 1778 533 1842; x_wconf 66' lang='lat' dir='ltr'><strong>aurnum,</strong></span> <span class='ocrx_word' id='word_1_172' title='bbox 550 1775 586 1829; x_wconf 90' lang='lat' dir='ltr'><strong>de</strong></span> <span class='ocrx_word' id='word_1_173' title='bbox 600 1788 659 1845; x_wconf 92' lang='lat' dir='ltr'><strong>quo</strong></span> <span class='ocrx_word' id='word_1_174' title='bbox 674 1776 740 1845; x_wconf 88' lang='lat' dir='ltr'><strong>post</strong></span> <span class='ocrx_word' id='word_1_175' title='bbox 755 1769 909 1844; x_wconf 86' lang='lat' dir='ltr'><strong>paululum</strong></span> <span class='ocrx_word' id='word_1_176' title='bbox 925 1796 950 1860; x_wconf 64' lang='grc' dir='ltr'><strong><em>Β</em></strong></span> <span class='ocrx_word' id='word_1_177' title='bbox 963 1771 1061 1844; x_wconf 80' lang='lat' dir='ltr'><strong>exirit,</strong></span> <span class='ocrx_word' id='word_1_178' title='bbox 1077 1772 1199 1830; x_wconf 88' lang='lat' dir='ltr'><strong>dicens:</strong></span> <span class='ocrx_word' id='word_1_179' title='bbox 1214 1774 1341 1830; x_wconf 88' lang='lat' dir='ltr'><strong>Laudem</strong></span> <span class='ocrx_word' id='word_1_180' title='bbox 1356 1774 1444 1830; x_wconf 89' lang='lat' dir='ltr'><strong>dicite</strong></span> <span class='ocrx_word' id='word_1_181' title='bbox 1463 1773 1523 1830; x_wconf 87' lang='lat' dir='ltr'><strong>Deo</strong></span> <span class='ocrx_word' id='word_1_182' title='bbox 1550 1778 1659 1846; x_wconf 86' lang='lat' dir='ltr'><strong>nostro,</strong></span> <span class='ocrx_word' id='word_1_183' title='bbox 1682 1791 1786 1832; x_wconf 90' lang='lat' dir='ltr'><strong>omncs</strong></span> 
     </span>
     <span class='ocr_line' id='line_1_18' title="bbox 87 1859 1787 1936; baseline -0.001 -16"><span class='ocrx_word' id='word_1_184' title='bbox 87 1863 236 1936; x_wconf 85' lang='lat' dir='ltr'><strong>Scriptura</strong></span> <span class='ocrx_word' id='word_1_185' title='bbox 258 1863 316 1920; x_wconf 82' lang='lat' dir='ltr'><strong>baa</strong></span> <span class='ocrx_word' id='word_1_186' title='bbox 331 1863 438 1920; x_wconf 89' lang='lat' dir='ltr'><strong>bonam</strong></span> <span class='ocrx_word' id='word_1_187' title='bbox 455 1864 583 1920; x_wconf 82' lang='lat' dir='ltr'><strong>reterens</strong></span> <span class='ocrx_word' id='word_1_188' title='bbox 604 1861 743 1930; x_wconf 89' lang='lat' dir='ltr'><strong>auditum,</strong></span> <span class='ocrx_word' id='word_1_189' title='bbox 757 1859 913 1934; x_wconf 77' lang='lat' dir='ltr'><strong>magnilica</strong></span> <span class='ocrx_word' id='word_1_190' title='bbox 965 1861 1040 1917; x_wconf 88' lang='lat' dir='ltr'><strong>servi</strong></span> <span class='ocrx_word' id='word_1_191' title='bbox 1055 1862 1130 1932; x_wconf 85' lang='lat' dir='ltr'><strong>ejus,</strong></span> <span class='ocrx_word' id='word_1_192' title='bbox 1145 1867 1175 1918; x_wconf 89' lang='lat' dir='ltr'><strong>et</strong></span> <span class='ocrx_word' id='word_1_193' title='bbox 1190 1863 1241 1935; x_wconf 93' lang='lat' dir='ltr'><strong>qui</strong></span> <span class='ocrx_word' id='word_1_194' title='bbox 1258 1862 1368 1919; x_wconf 90' lang='lat' dir='ltr'><strong>timetis</strong></span> <span class='ocrx_word' id='word_1_195' title='bbox 1383 1879 1461 1934; x_wconf 90' lang='lat' dir='ltr'><strong>cum,</strong></span> <span class='ocrx_word' id='word_1_196' title='bbox 1474 1861 1575 1934; x_wconf 80' lang='lat' dir='ltr'><strong>pusilli</strong></span> <span class='ocrx_word' id='word_1_197' title='bbox 1594 1867 1624 1918; x_wconf 89' lang='lat' dir='ltr'><strong>et</strong></span> <span class='ocrx_word' id='word_1_198' title='bbox 1634 1862 1787 1936; x_wconf 76' lang='lat' dir='ltr'><strong>magubllt</strong></span> 
     </span>
     <span class='ocr_line' id='line_1_19' title="bbox 89 1949 1787 2026; baseline -0.001 -16"><span class='ocrx_word' id='word_1_199' title='bbox 89 1952 624 2026; x_wconf 86' lang='lat' dir='ltr'><strong>consoleturpatientiamsanctorum.</strong></span> <span class='ocrx_word' id='word_1_200' title='bbox 639 1949 912 2020; x_wconf 67' lang='lat' dir='ltr'><strong>coronaturum,</strong></span> <span class='ocrx_word' id='word_1_201' title='bbox 965 1950 1366 2023; x_wconf 83' lang='lat' dir='ltr'><strong>audiriquaeivocemtubae</strong></span> <span class='ocrx_word' id='word_1_202' title='bbox 1383 1968 1505 2024; x_wconf 85' lang='lat' dir='ltr'><strong>magna,</strong></span> <span class='ocrx_word' id='word_1_203' title='bbox 1533 1957 1561 2008; x_wconf 89' lang='lat' dir='ltr'><strong>et</strong></span> <span class='ocrx_word' id='word_1_204' title='bbox 1581 1953 1658 2010; x_wconf 91' lang='lat' dir='ltr'><strong>siout</strong></span> <span class='ocrx_word' id='word_1_205' title='bbox 1688 1967 1787 2009; x_wconf 87' lang='lat' dir='ltr'><strong>vocem</strong></span> 
     </span>
     <span class='ocr_line' id='line_1_20' title="bbox 86 2037 1783 2113; baseline -0.001 -15"><span class='ocrx_word' id='word_1_206' title='bbox 86 2037 914 2113; x_wconf 78' lang='lat' dir='ltr'><strong>aromniearsnoatnvanietarinreampliua.utv0xmola</strong></span> <span class='ocrx_word' id='word_1_207' title='bbox 965 2055 1106 2112; x_wconf 86' lang='lat' dir='ltr'><strong>equarum</strong></span> <span class='ocrx_word' id='word_1_208' title='bbox 1123 2041 1290 2112; x_wconf 89' lang='lat' dir='ltr'><strong>multarum,</strong></span> <span class='ocrx_word' id='word_1_209' title='bbox 1312 2050 1339 2098; x_wconf 88' lang='lat' dir='ltr'><strong>et</strong></span> <span class='ocrx_word' id='word_1_210' title='bbox 1356 2041 1433 2098; x_wconf 88' lang='lat' dir='ltr'><strong>sieut</strong></span> <span class='ocrx_word' id='word_1_211' title='bbox 1458 2057 1559 2098; x_wconf 89' lang='lat' dir='ltr'><strong>vocem</strong></span> <span class='ocrx_word' id='word_1_212' title='bbox 1587 2041 1783 2098; x_wconf 87' lang='lat' dir='ltr'><strong>tonitruorum</strong></span> 
     </span>
     <span class='ocr_line' id='line_1_21' title="bbox 82 2129 1784 2204; baseline 0.001 -17"><span class='ocrx_word' id='word_1_213' title='bbox 82 2129 915 2204; x_wconf 79' lang='lat' dir='ltr'><strong>nonaudieturinteampline.lltloxleernononlucebit</strong></span> <span class='ocrx_word' id='word_1_214' title='bbox 966 2145 1142 2202; x_wconf 87' lang='lat' dir='ltr'><strong>magnorum</strong></span> <span class='ocrx_word' id='word_1_215' title='bbox 1157 2131 1318 2188; x_wconf 88' lang='lat' dir='ltr'><strong>dicentium</strong></span> <span class='ocrx_word' id='word_1_216' title='bbox 1332 2130 1559 2188; x_wconf 81' lang='lat' dir='ltr'><strong>alleluia.»Hio</strong></span> <span class='ocrx_word' id='word_1_217' title='bbox 1588 2139 1633 2188; x_wconf 91' lang='lat' dir='ltr'><strong>est</strong></span> <span class='ocrx_word' id='word_1_218' title='bbox 1664 2129 1784 2188; x_wconf 81' lang='lat' dir='ltr'><strong>auditur</strong></span> 
     </span>
     <span class='ocr_line' id='line_1_22' title="bbox 85 2218 1782 2294; baseline 0 -18"><span class='ocrx_word' id='word_1_219' title='bbox 85 2221 140 2276; x_wconf 89' lang='lat' dir='ltr'><strong>tibi</strong></span> <span class='ocrx_word' id='word_1_220' title='bbox 155 2220 333 2292; x_wconf 69' lang='lat' dir='ltr'><strong>empliuedit</strong></span> <span class='ocrx_word' id='word_1_221' title='bbox 347 2237 400 2278; x_wconf 81' lang='lat' dir='ltr'><strong>vox</strong></span> <span class='ocrx_word' id='word_1_222' title='bbox 415 2220 516 2293; x_wconf 84' lang='lat' dir='ltr'><strong>sponsi</strong></span> <span class='ocrx_word' id='word_1_223' title='bbox 531 2225 560 2277; x_wconf 92' lang='lat' dir='ltr'><strong>et</strong></span> <span class='ocrx_word' id='word_1_224' title='bbox 574 2235 690 2294; x_wconf 73' lang='lat' dir='ltr'><strong>sponse</strong></span> <span class='ocrx_word' id='word_1_225' title='bbox 701 2235 759 2276; x_wconf 94' lang='lat' dir='ltr'><strong>non</strong></span> <span class='ocrx_word' id='word_1_226' title='bbox 776 2219 914 2275; x_wconf 89' lang='lat' dir='ltr'><strong>audiatur</strong></span> <span class='ocrx_word' id='word_1_227' title='bbox 965 2219 1185 2291; x_wconf 78' lang='lat' dir='ltr'><strong>consolationis,</strong></span> <span class='ocrx_word' id='word_1_228' title='bbox 1202 2221 1256 2276; x_wconf 91' lang='lat' dir='ltr'><strong>boc</strong></span> <span class='ocrx_word' id='word_1_229' title='bbox 1272 2225 1316 2276; x_wconf 86' lang='lat' dir='ltr'><strong>eet</strong></span> <span class='ocrx_word' id='word_1_230' title='bbox 1330 2236 1446 2276; x_wconf 89' lang='lat' dir='ltr'><strong>carmen</strong></span> <span class='ocrx_word' id='word_1_231' title='bbox 1462 2220 1493 2276; x_wconf 92' lang='lat' dir='ltr'><strong>iu</strong></span> <span class='ocrx_word' id='word_1_232' title='bbox 1509 2220 1678 2292; x_wconf 86' lang='lat' dir='ltr'><strong>supradicto</strong></span> <span class='ocrx_word' id='word_1_233' title='bbox 1708 2218 1782 2277; x_wconf 89' lang='lat' dir='ltr'><strong>libro</strong></span> 
     </span>
     <span class='ocr_line' id='line_1_23' title="bbox 82 2307 1784 2384; baseline -0.002 -16"><span class='ocrx_word' id='word_1_234' title='bbox 82 2311 162 2368; x_wconf 72' lang='grc'><strong>480</strong></span> <span class='ocrx_word' id='word_1_235' title='bbox 178 2312 275 2369; x_wconf 90' lang='lat' dir='ltr'><strong>adbuc</strong></span> <span class='ocrx_word' id='word_1_236' title='bbox 291 2312 320 2368; x_wconf 93' lang='lat' dir='ltr'><strong>in</strong></span> <span class='ocrx_word' id='word_1_237' title='bbox 331 2316 369 2380; x_wconf 87' lang='lat' dir='ltr'><strong>te,</strong></span> <span class='ocrx_word' id='word_1_238' title='bbox 386 2311 456 2384; x_wconf 89' lang='lat' dir='ltr'><strong>quie</strong></span> <span class='ocrx_word' id='word_1_239' title='bbox 467 2311 695 2368; x_wconf 85' lang='lat' dir='ltr'><strong>mercatoreetui</strong></span> <span class='ocrx_word' id='word_1_240' title='bbox 710 2314 793 2366; x_wconf 87' lang='lat' dir='ltr'><strong>erant</strong></span> <span class='ocrx_word' id='word_1_241' title='bbox 804 2307 912 2380; x_wconf 85' lang='lat' dir='ltr'><strong>princi·</strong></span> <span class='ocrx_word' id='word_1_242' title='bbox 966 2309 1119 2380; x_wconf 88' lang='lat' dir='ltr'><strong>scripturn,</strong></span> <span class='ocrx_word' id='word_1_243' title='bbox 1135 2325 1252 2366; x_wconf 84' lang='lat' dir='ltr'><strong>carmen</strong></span> <span class='ocrx_word' id='word_1_244' title='bbox 1268 2310 1486 2378; x_wconf 84' lang='lat' dir='ltr'><strong>exsultationis,</strong></span> <span class='ocrx_word' id='word_1_245' title='bbox 1496 2326 1613 2366; x_wconf 88' lang='lat' dir='ltr'><strong>carmen</strong></span> <span class='ocrx_word' id='word_1_246' title='bbox 1623 2313 1784 2377; x_wconf 88' lang='lat' dir='ltr'><strong>restrum,o</strong></span> 
     </span>
     <span class='ocr_line' id='line_1_24' title="bbox 80 2397 1786 2475; baseline -0.002 -17"><span class='ocrx_word' id='word_1_247' title='bbox 80 2419 133 2475; x_wconf 89' lang='lat' dir='ltr'><strong>pes</strong></span> <span class='ocrx_word' id='word_1_248' title='bbox 149 2403 360 2475; x_wconf 78' lang='lat' dir='ltr'><strong>terre,quiain</strong></span> <span class='ocrx_word' id='word_1_249' title='bbox 375 2402 525 2459; x_wconf 81' lang='lat' dir='ltr'><strong>veneficiis</strong></span> <span class='ocrx_word' id='word_1_250' title='bbox 548 2403 606 2458; x_wconf 89' lang='lat' dir='ltr'><strong>tais</strong></span> <span class='ocrx_word' id='word_1_251' title='bbox 632 2403 914 2458; x_wconf 84' lang='lat' dir='ltr'><strong>erraverantumnes</strong></span> <span class='ocrx_word' id='word_1_252' title='bbox 965 2399 1111 2470; x_wconf 84' lang='lat' dir='ltr'><strong>peregrini</strong></span> <span class='ocrx_word' id='word_1_253' title='bbox 1126 2399 1205 2456; x_wconf 87' lang='lat' dir='ltr'><strong>circs</strong></span> <span class='ocrx_word' id='word_1_254' title='bbox 1220 2397 1346 2456; x_wconf 76' lang='lat' dir='ltr'><strong>caelestis</strong></span> <span class='ocrx_word' id='word_1_255' title='bbox 1359 2399 1469 2471; x_wconf 78' lang='lat' dir='ltr'><strong>patria,</strong></span> <span class='ocrx_word' id='word_1_256' title='bbox 1486 2397 1534 2469; x_wconf 89' lang='lat' dir='ltr'><strong>qai</strong></span> <span class='ocrx_word' id='word_1_257' title='bbox 1552 2399 1582 2454; x_wconf 90' lang='lat' dir='ltr'><strong>in</strong></span> <span class='ocrx_word' id='word_1_258' title='bbox 1599 2399 1651 2454; x_wconf 91' lang='lat' dir='ltr'><strong>boo</strong></span> <span class='ocrx_word' id='word_1_259' title='bbox 1673 2399 1786 2455; x_wconf 91' lang='lat' dir='ltr'><strong>mondo</strong></span> 
     </span>
     <span class='ocr_line' id='line_1_25' title="bbox 87 2487 1787 2565; baseline -0.002 -19"><span class='ocrx_word' id='word_1_260' title='bbox 87 2495 200 2564; x_wconf 89' lang='lat' dir='ltr'><strong>gentes.</strong></span> <span class='ocrx_word' id='word_1_261' title='bbox 216 2491 252 2548; x_wconf 79' lang='lat' dir='ltr'><strong>lit</strong></span> <span class='ocrx_word' id='word_1_262' title='bbox 265 2493 337 2548; x_wconf 88' lang='lat' dir='ltr'><strong>inea</strong></span> <span class='ocrx_word' id='word_1_263' title='bbox 347 2489 468 2565; x_wconf 85' lang='lat' dir='ltr'><strong>sanguis</strong></span> <span class='ocrx_word' id='word_1_264' title='bbox 478 2491 688 2562; x_wconf 85' lang='lat' dir='ltr'><strong>prophetaram</strong></span> <span class='ocrx_word' id='word_1_265' title='bbox 703 2493 730 2546; x_wconf 88' lang='lat' dir='ltr'><strong>et</strong></span> <span class='ocrx_word' id='word_1_266' title='bbox 745 2491 913 2546; x_wconf 74' lang='lat' dir='ltr'><strong>mortorum</strong></span> <span class='ocrx_word' id='word_1_267' title='bbox 965 2487 1193 2560; x_wconf 75' lang='lat' dir='ltr'><strong>peregrinamini</strong></span> <span class='ocrx_word' id='word_1_268' title='bbox 1208 2493 1237 2545; x_wconf 89' lang='lat' dir='ltr'><strong>at</strong></span> <span class='ocrx_word' id='word_1_269' title='bbox 1251 2489 1463 2544; x_wconf 87' lang='lat' dir='ltr'><strong>lamentamini.</strong></span> <span class='ocrx_word' id='word_1_270' title='bbox 1479 2487 1601 2554; x_wconf 86' lang='lat' dir='ltr'><strong>Quaado</strong></span> <span class='ocrx_word' id='word_1_271' title='bbox 1629 2488 1740 2547; x_wconf 84' lang='lat' dir='ltr'><strong>flebunt</strong></span> <span class='ocrx_word' id='word_1_272' title='bbox 1755 2491 1787 2544; x_wconf 89' lang='lat' dir='ltr'><strong>et</strong></span> 
     </span>
     <span class='ocr_line' id='line_1_26' title="bbox 91 2576 1786 2652; baseline -0.001 -18"><span class='ocrx_word' id='word_1_273' title='bbox 91 2579 287 2650; x_wconf 87' lang='lat' dir='ltr'><strong>iurentusest,</strong></span> <span class='ocrx_word' id='word_1_274' title='bbox 297 2581 465 2638; x_wconf 89' lang='lat' dir='ltr'><strong>ctomniom</strong></span> <span class='ocrx_word' id='word_1_275' title='bbox 480 2581 530 2652; x_wconf 89' lang='lat' dir='ltr'><strong>qai</strong></span> <span class='ocrx_word' id='word_1_276' title='bbox 541 2578 683 2636; x_wconf 86' lang='lat' dir='ltr'><strong>interiecti</strong></span> <span class='ocrx_word' id='word_1_277' title='bbox 694 2577 912 2635; x_wconf 68' lang='lat' dir='ltr'><strong>sustinuere.»</strong></span> <span class='ocrx_word' id='word_1_278' title='bbox 965 2577 1105 2649; x_wconf 89' lang='lat' dir='ltr'><strong>lugebunt</strong></span> <span class='ocrx_word' id='word_1_279' title='bbox 1116 2593 1198 2651; x_wconf 89' lang='lat' dir='ltr'><strong>reges</strong></span> <span class='ocrx_word' id='word_1_280' title='bbox 1211 2578 1265 2645; x_wconf 86' lang='lat' dir='ltr'><strong>illi,</strong></span> <span class='ocrx_word' id='word_1_281' title='bbox 1278 2583 1456 2635; x_wconf 88' lang='lat' dir='ltr'><strong>mercatores</strong></span> <span class='ocrx_word' id='word_1_282' title='bbox 1472 2576 1526 2639; x_wconf 85' lang='lat' dir='ltr'><strong>illi,</strong></span> <span class='ocrx_word' id='word_1_283' title='bbox 1536 2578 1745 2650; x_wconf 87' lang='lat' dir='ltr'><strong>gubernatores</strong></span> <span class='ocrx_word' id='word_1_284' title='bbox 1756 2581 1786 2632; x_wconf 89' lang='lat' dir='ltr'><strong>at</strong></span> 
     </span>
     <span class='ocr_line' id='line_1_27' title="bbox 88 2664 1787 2740; baseline 0 -18"><span class='ocrx_word' id='word_1_285' title='bbox 88 2669 144 2724; x_wconf 85' lang='lat' dir='ltr'><strong>Hic</strong></span> <span class='ocrx_word' id='word_1_286' title='bbox 159 2669 253 2726; x_wconf 87' lang='lat' dir='ltr'><strong>omnia</strong></span> <span class='ocrx_word' id='word_1_287' title='bbox 268 2674 301 2726; x_wconf 92' lang='lat' dir='ltr'><strong>ut</strong></span> <span class='ocrx_word' id='word_1_288' title='bbox 315 2671 465 2734; x_wconf 87' lang='lat' dir='ltr'><strong>dicantar,</strong></span> <span class='ocrx_word' id='word_1_289' title='bbox 481 2671 616 2737; x_wconf 79' lang='lat' dir='ltr'><strong>itaeuut3</strong></span> <span class='ocrx_word' id='word_1_290' title='bbox 632 2667 703 2740; x_wconf 89' lang='lat' dir='ltr'><strong>quie</strong></span> <span class='ocrx_word' id='word_1_291' title='bbox 725 2683 783 2723; x_wconf 91' lang='lat' dir='ltr'><strong>non</strong></span> <span class='ocrx_word' id='word_1_292' title='bbox 812 2664 911 2723; x_wconf 87' lang='lat' dir='ltr'><strong>eolurn</strong></span> <span class='ocrx_word' id='word_1_293' title='bbox 964 2671 1060 2722; x_wconf 82' lang='lat' dir='ltr'><strong>naute</strong></span> <span class='ocrx_word' id='word_1_294' title='bbox 1075 2667 1129 2734; x_wconf 87' lang='lat' dir='ltr'><strong>illi,</strong></span> <span class='ocrx_word' id='word_1_295' title='bbox 1142 2668 1276 2725; x_wconf 85' lang='lat' dir='ltr'><strong>videntes</strong></span> <span class='ocrx_word' id='word_1_296' title='bbox 1290 2667 1534 2740; x_wconf 85' lang='lat' dir='ltr'><strong>perireranitates</strong></span> <span class='ocrx_word' id='word_1_297' title='bbox 1546 2669 1575 2722; x_wconf 87' lang='lat' dir='ltr'><strong>et</strong></span> <span class='ocrx_word' id='word_1_298' title='bbox 1587 2665 1716 2722; x_wconf 87' lang='lat' dir='ltr'><strong>insaniae</strong></span> <span class='ocrx_word' id='word_1_299' title='bbox 1730 2666 1787 2722; x_wconf 91' lang='lat' dir='ltr'><strong>tal·</strong></span> 
     </span>
     <span class='ocr_line' id='line_1_28' title="bbox 87 2753 1785 2830; baseline 0 -18"><span class='ocrx_word' id='word_1_300' title='bbox 87 2757 213 2814; x_wconf 78' lang='lat' dir='ltr'><strong>artificia</strong></span> <span class='ocrx_word' id='word_1_301' title='bbox 226 2755 712 2830; x_wconf 84' lang='lat' dir='ltr'><strong>qualibstaonsupererunt‚rarbi</strong></span> <span class='ocrx_word' id='word_1_302' title='bbox 724 2753 913 2828; x_wconf 83' lang='lat' dir='ltr'><strong>gratieplen·</strong></span> <span class='ocrx_word' id='word_1_303' title='bbox 964 2773 1024 2822; x_wconf 85' lang='lat' dir='ltr'><strong>eae,</strong></span> <span class='ocrx_word' id='word_1_304' title='bbox 1041 2756 1070 2811; x_wconf 90' lang='lat' dir='ltr'><strong>in</strong></span> <span class='ocrx_word' id='word_1_305' title='bbox 1086 2757 1195 2828; x_wconf 89' lang='lat' dir='ltr'><strong>quibus</strong></span> <span class='ocrx_word' id='word_1_306' title='bbox 1206 2766 1275 2813; x_wconf 89' lang='lat' dir='ltr'><strong>suot</strong></span> <span class='ocrx_word' id='word_1_307' title='bbox 1290 2757 1404 2823; x_wconf 87' lang='lat' dir='ltr'><strong>contisi,</strong></span> <span class='ocrx_word' id='word_1_308' title='bbox 1421 2761 1451 2812; x_wconf 90' lang='lat' dir='ltr'><strong>et</strong></span> <span class='ocrx_word' id='word_1_309' title='bbox 1462 2755 1561 2812; x_wconf 88' lang='lat' dir='ltr'><strong>dicent</strong></span> <span class='ocrx_word' id='word_1_310' title='bbox 1582 2773 1634 2824; x_wconf 81' lang='lat' dir='ltr'><strong>ra,</strong></span> <span class='ocrx_word' id='word_1_311' title='bbox 1650 2773 1702 2824; x_wconf 84' lang='lat' dir='ltr'><strong>ve,</strong></span> <span class='ocrx_word' id='word_1_312' title='bbox 1715 2758 1785 2812; x_wconf 90' lang='lat' dir='ltr'><strong>tono</strong></span> 
     </span>
     <span class='ocr_line' id='line_1_29' title="bbox 84 2843 1786 2916; baseline -0.002 -13"><span class='ocrx_word' id='word_1_313' title='bbox 84 2847 213 2903; x_wconf 86' lang='lat' dir='ltr'><strong>tentiam</strong></span> <span class='ocrx_word' id='word_1_314' title='bbox 228 2848 271 2904; x_wconf 86' lang='lat' dir='ltr'><strong>vel</strong></span> <span class='ocrx_word' id='word_1_315' title='bbox 280 2847 499 2912; x_wconf 74' lang='lat' dir='ltr'><strong>adiuuantium,</strong></span> <span class='ocrx_word' id='word_1_316' title='bbox 515 2847 575 2903; x_wconf 90' lang='lat' dir='ltr'><strong>imo</strong></span> <span class='ocrx_word' id='word_1_317' title='bbox 589 2846 678 2902; x_wconf 89' lang='lat' dir='ltr'><strong>etiam</strong></span> <span class='ocrx_word' id='word_1_318' title='bbox 695 2859 760 2916; x_wconf 81' lang='lat' dir='ltr'><strong>que</strong></span> <span class='ocrx_word' id='word_1_319' title='bbox 776 2847 912 2916; x_wconf 83' lang='lat' dir='ltr'><strong>plantata</strong></span> <span class='ocrx_word' id='word_1_320' title='bbox 963 2861 1014 2900; x_wconf 87' lang='lat' dir='ltr'><strong>vos</strong></span> <span class='ocrx_word' id='word_1_321' title='bbox 1027 2843 1147 2901; x_wconf 90' lang='lat' dir='ltr'><strong>alleluia</strong></span> <span class='ocrx_word' id='word_1_322' title='bbox 1161 2847 1329 2902; x_wconf 88' lang='lat' dir='ltr'><strong>cantabitis.</strong></span> <span class='ocrx_word' id='word_1_323' title='bbox 1345 2844 1480 2912; x_wconf 82' lang='lat' dir='ltr'><strong>Alleluia,</strong></span> <span class='ocrx_word' id='word_1_324' title='bbox 1512 2861 1638 2915; x_wconf 86' lang='lat' dir='ltr'><strong>namque</strong></span> <span class='ocrx_word' id='word_1_325' title='bbox 1665 2844 1786 2900; x_wconf 86' lang='lat' dir='ltr'><strong>verbum</strong></span> 
     </span>
     <span class='ocr_line' id='line_1_30' title="bbox 86 2931 1788 3006; baseline -0.003 -14"><span class='ocrx_word' id='word_1_326' title='bbox 86 2941 115 2992; x_wconf 88' lang='lat' dir='ltr'><strong>et</strong></span> <span class='ocrx_word' id='word_1_327' title='bbox 130 2935 397 2992; x_wconf 80' lang='lat' dir='ltr'><strong>edificateluerant</strong></span> <span class='ocrx_word' id='word_1_328' title='bbox 406 2933 714 3006; x_wconf 86' lang='lat' dir='ltr'><strong>penitosaulerentur‚</strong></span> <span class='ocrx_word' id='word_1_329' title='bbox 728 2931 911 3002; x_wconf 88' lang='lat' dir='ltr'><strong>quippecum</strong></span> <span class='ocrx_word' id='word_1_330' title='bbox 964 2933 1137 2990; x_wconf 80' lang='lat' dir='ltr'><strong>Hebraicum</strong></span> <span class='ocrx_word' id='word_1_331' title='bbox 1149 2935 1372 3006; x_wconf 85' lang='lat' dir='ltr'><strong>interpretatur,</strong></span> <span class='ocrx_word' id='word_1_332' title='bbox 1388 2933 1497 2990; x_wconf 73' lang='lat' dir='ltr'><strong>laudate</strong></span> <span class='ocrx_word' id='word_1_333' title='bbox 1508 2933 1655 2988; x_wconf 76' lang='lat' dir='ltr'><strong>Dominam</strong></span> <span class='ocrx_word' id='word_1_334' title='bbox 1668 2951 1677 2996; x_wconf 76' lang='lat' dir='ltr'><strong>t</strong></span> <span class='ocrx_word' id='word_1_335' title='bbox 1689 2937 1718 2988; x_wconf 91' lang='lat' dir='ltr'><strong>et</strong></span> <span class='ocrx_word' id='word_1_336' title='bbox 1733 2932 1788 2988; x_wconf 86' lang='lat' dir='ltr'><strong>boc</strong></span> 
     </span>
     <span class='ocr_line' id='line_1_31' title="bbox 90 3019 1787 3099; baseline -0.004 -17"><span class='ocrx_word' id='word_1_337' title='bbox 90 3024 370 3099; x_wconf 86' lang='lat' dir='ltr'><strong>insuperscriptum</strong></span> <span class='ocrx_word' id='word_1_338' title='bbox 395 3022 473 3096; x_wconf 73' lang='lat' dir='ltr'><strong>sitll</strong></span> <span class='ocrx_word' id='word_1_339' title='bbox 506 3025 567 3080; x_wconf 75' lang='lat' dir='ltr'><strong>tior.</strong></span> <span class='ocrx_word' id='word_1_340' title='bbox 596 3023 666 3092; x_wconf 79' lang='lat' dir='ltr'><strong>vrr);</strong></span> <span class='ocrx_word' id='word_1_341' title='bbox 686 3020 756 3093; x_wconf 86' lang='lat' dir='ltr'><strong>qaia</strong></span> <span class='ocrx_word' id='word_1_342' title='bbox 784 3019 914 3092; x_wconf 77' lang='lat' dir='ltr'><strong>praeterit</strong></span> <span class='ocrx_word' id='word_1_343' title='bbox 964 3022 1082 3080; x_wconf 87' lang='lat' dir='ltr'><strong>nomine</strong></span> <span class='ocrx_word' id='word_1_344' title='bbox 1095 3021 1226 3095; x_wconf 86' lang='lat' dir='ltr'><strong>plerique</strong></span> <span class='ocrx_word' id='word_1_345' title='bbox 1243 3021 1349 3095; x_wconf 89' lang='lat' dir='ltr'><strong>psalmi</strong></span> <span class='ocrx_word' id='word_1_346' title='bbox 1375 3022 1482 3079; x_wconf 88' lang='lat' dir='ltr'><strong>titulati</strong></span> <span class='ocrx_word' id='word_1_347' title='bbox 1510 3035 1589 3091; x_wconf 84' lang='lat' dir='ltr'><strong>sune,</strong></span> <span class='ocrx_word' id='word_1_348' title='bbox 1614 3037 1738 3092; x_wconf 87' lang='lat' dir='ltr'><strong>quorum</strong></span> <span class='ocrx_word' id='word_1_349' title='bbox 1757 3019 1787 3076; x_wconf 88' lang='lat' dir='ltr'><strong>in</strong></span> 
     </span>
     <span class='ocr_line' id='line_1_32' title="bbox 84 3107 1787 3188; baseline -0.005 -16"><span class='ocrx_word' id='word_1_350' title='bbox 84 3118 179 3188; x_wconf 86' lang='lat' dir='ltr'><strong>ligura</strong></span> <span class='ocrx_word' id='word_1_351' title='bbox 195 3115 285 3188; x_wconf 87' lang='lat' dir='ltr'><strong>bajus</strong></span> <span class='ocrx_word' id='word_1_352' title='bbox 298 3113 411 3182; x_wconf 87' lang='lat' dir='ltr'><strong>mundi,</strong></span> <span class='ocrx_word' id='word_1_353' title='bbox 428 3119 457 3169; x_wconf 89' lang='lat' dir='ltr'><strong>et</strong></span> <span class='ocrx_word' id='word_1_354' title='bbox 472 3111 795 3186; x_wconf 86' lang='lat' dir='ltr'><strong>nequemolent,ueque</strong></span> <span class='ocrx_word' id='word_1_355' title='bbox 807 3113 911 3164; x_wconf 83' lang='lat' dir='ltr'><strong>catera</strong></span> <span class='ocrx_word' id='word_1_356' title='bbox 965 3111 1333 3185; x_wconf 80' lang='lat' dir='ltr'><strong>unotaliterpraeseriptum</strong></span> <span class='ocrx_word' id='word_1_357' title='bbox 1348 3114 1393 3168; x_wconf 89' lang='lat' dir='ltr'><strong>eet</strong></span> <span class='ocrx_word' id='word_1_358' title='bbox 1408 3111 1556 3181; x_wconf 75' lang='lat' dir='ltr'><strong>alliciaris,</strong></span> <span class='ocrx_word' id='word_1_359' title='bbox 1567 3107 1787 3180; x_wconf 73' lang='lat' dir='ltr'><strong>rarrereiotpooei</strong></span> 
     </span>
     <span class='ocr_line' id='line_1_33' title="bbox 82 3199 1787 3283; baseline -0.002 -23"><span class='ocrx_word' id='word_1_360' title='bbox 82 3205 195 3262; x_wconf 83' lang='lat' dir='ltr'><strong>ventris</strong></span> <span class='ocrx_word' id='word_1_361' title='bbox 205 3203 436 3275; x_wconf 74' lang='lat' dir='ltr'><strong>ministerialem</strong></span> <span class='ocrx_word' id='word_1_362' title='bbox 453 3205 583 3275; x_wconf 83' lang='lat' dir='ltr'><strong>quaerent</strong></span> <span class='ocrx_word' id='word_1_363' title='bbox 597 3207 646 3256; x_wconf 87' lang='lat' dir='ltr'><strong>ant</strong></span> <span class='ocrx_word' id='word_1_364' title='bbox 662 3199 852 3265; x_wconf 82' lang='lat' dir='ltr'><strong>invenient,et</strong></span> <span class='ocrx_word' id='word_1_365' title='bbox 866 3199 909 3254; x_wconf 91' lang='lat' dir='ltr'><strong>sio</strong></span> <span class='ocrx_word' id='word_1_366' title='bbox 964 3208 990 3260; x_wconf 82' lang='lat' dir='ltr'><strong>et</strong></span> <span class='ocrx_word' id='word_1_367' title='bbox 1005 3205 1154 3283; x_wconf 63' lang='grc' dir='ltr'><strong>Ζαιὴαηίω.</strong></span> <span class='ocrx_word' id='word_1_368' title='bbox 1171 3207 1292 3277; x_wconf 79' lang='lat' dir='ltr'><strong>tggens</strong></span> <span class='ocrx_word' id='word_1_369' title='bbox 1308 3208 1336 3261; x_wconf 89' lang='lat' dir='ltr'><strong>et</strong></span> <span class='ocrx_word' id='word_1_370' title='bbox 1349 3202 1504 3259; x_wconf 88' lang='lat' dir='ltr'><strong>Zacharias</strong></span> <span class='ocrx_word' id='word_1_371' title='bbox 1520 3201 1668 3274; x_wconf 75' lang='lat' dir='ltr'><strong>prophetae</strong></span> <span class='ocrx_word' id='word_1_372' title='bbox 1692 3199 1787 3272; x_wconf 85' lang='lat' dir='ltr'><strong>cepti·</strong></span> 
     </span>
     <span class='ocr_line' id='line_1_34' title="bbox 88 3287 1788 3359; baseline -0.009 1"><span class='ocrx_word' id='word_1_373' title='bbox 88 3295 203 3350; x_wconf 62' lang='lat' dir='ltr'><strong>luminu</strong></span> <span class='ocrx_word' id='word_1_374' title='bbox 221 3295 317 3349; x_wconf 68' lang='lat' dir='ltr'><strong>Omssiss</strong></span> <span class='ocrx_word' id='word_1_375' title='bbox 333 3291 458 3349; x_wconf 62' lang='lat' dir='ltr'><strong>luctfflffi</strong></span> <span class='ocrx_word' id='word_1_376' title='bbox 473 3291 624 3358; x_wconf 67' lang='lat' dir='ltr'><strong>flitfflbiissi·</strong></span> <span class='ocrx_word' id='word_1_377' title='bbox 641 3295 674 3345; x_wconf 73' lang='lat' dir='ltr'><strong>ui</strong></span> <span class='ocrx_word' id='word_1_378' title='bbox 686 3290 715 3344; x_wconf 75' lang='lat' dir='ltr'><strong>in</strong></span> <span class='ocrx_word' id='word_1_379' title='bbox 731 3287 912 3359; x_wconf 79' lang='lat' dir='ltr'><strong>sempiterna</strong></span> <span class='ocrx_word' id='word_1_380' title='bbox 963 3294 1109 3350; x_wconf 84' lang='lat' dir='ltr'><strong>rationem</strong></span> <span class='ocrx_word' id='word_1_381' title='bbox 1124 3293 1252 3350; x_wconf 87' lang='lat' dir='ltr'><strong>liliorum</strong></span> <span class='ocrx_word' id='word_1_382' title='bbox 1266 3291 1356 3350; x_wconf 90' lang='lat' dir='ltr'><strong>lsrael</strong></span> <span class='ocrx_word' id='word_1_383' title='bbox 1369 3294 1501 3348; x_wconf 73' lang='lat' dir='ltr'><strong>temerino</strong></span> <span class='ocrx_word' id='word_1_384' title='bbox 1516 3290 1788 3348; x_wconf 84' lang='lat' dir='ltr'><strong>Nabuchodonosor</strong></span> 
     </span>
     <span class='ocr_line' id='line_1_35' title="bbox 93 3377 1786 3457; baseline -0.004 -16"><span class='ocrx_word' id='word_1_385' title='bbox 93 3382 178 3454; x_wconf 80' lang='lat' dir='ltr'><strong>impii</strong></span> <span class='ocrx_word' id='word_1_386' title='bbox 194 3382 254 3438; x_wconf 82' lang='lat' dir='ltr'><strong>cini</strong></span> <span class='ocrx_word' id='word_1_387' title='bbox 267 3381 388 3438; x_wconf 78' lang='lat' dir='ltr'><strong>hotrum</strong></span> <span class='ocrx_word' id='word_1_388' title='bbox 412 3379 599 3436; x_wconf 75' lang='lat' dir='ltr'><strong>tenebrarum</strong></span> <span class='ocrx_word' id='word_1_389' title='bbox 615 3377 733 3435; x_wconf 68' lang='lat' dir='ltr'><strong>etcioui</strong></span> <span class='ocrx_word' id='word_1_390' title='bbox 745 3391 847 3432; x_wconf 73' lang='lat' dir='ltr'><strong>Vtrum</strong></span> <span class='ocrx_word' id='word_1_391' title='bbox 865 3379 912 3432; x_wconf 61' lang='grc' dir='ltr'><strong>θεῖ</strong></span> <span class='ocrx_word' id='word_1_392' title='bbox 963 3383 1034 3440; x_wconf 80' lang='lat' dir='ltr'><strong>solvi</strong></span> <span class='ocrx_word' id='word_1_393' title='bbox 1052 3383 1256 3457; x_wconf 80' lang='lat' dir='ltr'><strong>predixerunt,</strong></span> <span class='ocrx_word' id='word_1_394' title='bbox 1268 3388 1296 3440; x_wconf 86' lang='lat' dir='ltr'><strong>ot</strong></span> <span class='ocrx_word' id='word_1_395' title='bbox 1310 3381 1412 3455; x_wconf 87' lang='lat' dir='ltr'><strong>templi</strong></span> <span class='ocrx_word' id='word_1_396' title='bbox 1428 3380 1669 3447; x_wconf 83' lang='lat' dir='ltr'><strong>destructionem,</strong></span> <span class='ocrx_word' id='word_1_397' title='bbox 1685 3384 1715 3435; x_wconf 93' lang='lat' dir='ltr'><strong>et</strong></span> <span class='ocrx_word' id='word_1_398' title='bbox 1730 3377 1786 3450; x_wconf 89' lang='lat' dir='ltr'><strong>ipsi</strong></span> 
     </span>
     <span class='ocr_line' id='line_1_36' title="bbox 89 3465 1787 3545; baseline 0.001 -25"><span class='ocrx_word' id='word_1_399' title='bbox 89 3472 168 3544; x_wconf 84' lang='lat' dir='ltr'><strong>quod</strong></span> <span class='ocrx_word' id='word_1_400' title='bbox 181 3476 248 3528; x_wconf 72' lang='lat' dir='ltr'><strong>anta</strong></span> <span class='ocrx_word' id='word_1_401' title='bbox 264 3469 445 3540; x_wconf 82' lang='lat' dir='ltr'><strong>promittitur</strong></span> <span class='ocrx_word' id='word_1_402' title='bbox 459 3468 512 3536; x_wconf 86' lang='lat' dir='ltr'><strong>eis,</strong></span> <span class='ocrx_word' id='word_1_403' title='bbox 530 3472 563 3524; x_wconf 89' lang='lat' dir='ltr'><strong>ut</strong></span> <span class='ocrx_word' id='word_1_404' title='bbox 590 3467 701 3538; x_wconf 85' lang='lat' dir='ltr'><strong>dicant,</strong></span> <span class='ocrx_word' id='word_1_405' title='bbox 721 3481 773 3536; x_wconf 81' lang='lat' dir='ltr'><strong>vae,</strong></span> <span class='ocrx_word' id='word_1_406' title='bbox 800 3481 853 3533; x_wconf 81' lang='lat' dir='ltr'><strong>vae,</strong></span> <span class='ocrx_word' id='word_1_407' title='bbox 869 3465 913 3522; x_wconf 85' lang='lat' dir='ltr'><strong>ite</strong></span> <span class='ocrx_word' id='word_1_408' title='bbox 964 3489 1079 3545; x_wconf 87' lang='lat' dir='ltr'><strong>quoque</strong></span> <span class='ocrx_word' id='word_1_409' title='bbox 1093 3473 1252 3530; x_wconf 84' lang='lat' dir='ltr'><strong>reversioni</strong></span> <span class='ocrx_word' id='word_1_410' title='bbox 1263 3473 1380 3530; x_wconf 90' lang='lat' dir='ltr'><strong>illarum</strong></span> <span class='ocrx_word' id='word_1_411' title='bbox 1395 3473 1423 3526; x_wconf 92' lang='lat' dir='ltr'><strong>iu</strong></span> <span class='ocrx_word' id='word_1_412' title='bbox 1434 3469 1609 3538; x_wconf 78' lang='lat' dir='ltr'><strong>Jerusalem,</strong></span> <span class='ocrx_word' id='word_1_413' title='bbox 1621 3472 1650 3524; x_wconf 88' lang='lat' dir='ltr'><strong>et</strong></span> <span class='ocrx_word' id='word_1_414' title='bbox 1664 3467 1787 3532; x_wconf 72' lang='lat' dir='ltr'><strong>reedili·</strong></span> 
     </span>
     <span class='ocr_line' id='line_1_37' title="bbox 89 3555 1785 3634; baseline -0.006 -11"><span class='ocrx_word' id='word_1_415' title='bbox 89 3564 203 3618; x_wconf 76' lang='lat' dir='ltr'><strong>cerium</strong></span> <span class='ocrx_word' id='word_1_416' title='bbox 218 3565 246 3616; x_wconf 75' lang='lat' dir='ltr'><strong>ei</strong></span> <span class='ocrx_word' id='word_1_417' title='bbox 260 3557 445 3616; x_wconf 69' lang='lat' dir='ltr'><strong>immuitbllc</strong></span> <span class='ocrx_word' id='word_1_418' title='bbox 459 3558 589 3630; x_wconf 60' lang='lat' dir='ltr'><strong>estquod</strong></span> <span class='ocrx_word' id='word_1_419' title='bbox 604 3555 842 3622; x_wconf 82' lang='lat' dir='ltr'><strong>benedicitur,et</strong></span> <span class='ocrx_word' id='word_1_420' title='bbox 855 3571 912 3612; x_wconf 76' lang='lat' dir='ltr'><strong>V0¹</strong></span> <span class='ocrx_word' id='word_1_421' title='bbox 964 3562 1070 3618; x_wconf 89' lang='lat' dir='ltr'><strong>cationi</strong></span> <span class='ocrx_word' id='word_1_422' title='bbox 1085 3562 1188 3634; x_wconf 89' lang='lat' dir='ltr'><strong>templi</strong></span> <span class='ocrx_word' id='word_1_423' title='bbox 1203 3558 1452 3626; x_wconf 82' lang='lat' dir='ltr'><strong>interfuerant,in</strong></span> <span class='ocrx_word' id='word_1_424' title='bbox 1463 3557 1692 3616; x_wconf 89' lang='lat' dir='ltr'><strong>aimilitudincm</strong></span> <span class='ocrx_word' id='word_1_425' title='bbox 1707 3555 1785 3612; x_wconf 86' lang='lat' dir='ltr'><strong>ride·</strong></span> 
     </span>
     <span class='ocr_line' id='line_1_38' title="bbox 93 3645 1787 3724; baseline -0.006 -13"><span class='ocrx_word' id='word_1_426' title='bbox 93 3651 197 3724; x_wconf 77' lang='lat' dir='ltr'><strong>spousi</strong></span> <span class='ocrx_word' id='word_1_427' title='bbox 211 3655 363 3723; x_wconf 59' lang='lat' dir='ltr'><strong>clepunt&amp;</strong></span> <span class='ocrx_word' id='word_1_428' title='bbox 381 3665 438 3705; x_wconf 77' lang='lat' dir='ltr'><strong>non</strong></span> <span class='ocrx_word' id='word_1_429' title='bbox 459 3649 598 3706; x_wconf 67' lang='lat' dir='ltr'><strong>audietur</strong></span> <span class='ocrx_word' id='word_1_430' title='bbox 618 3646 714 3704; x_wconf 65' lang='lat' dir='ltr'><strong>adhuc</strong></span> <span class='ocrx_word' id='word_1_431' title='bbox 734 3647 765 3702; x_wconf 79' lang='lat' dir='ltr'><strong>in</strong></span> <span class='ocrx_word' id='word_1_432' title='bbox 780 3645 909 3710; x_wconf 73' lang='lat' dir='ltr'><strong>leonori</strong></span> <span class='ocrx_word' id='word_1_433' title='bbox 963 3651 1030 3707; x_wconf 88' lang='lat' dir='ltr'><strong>licet</strong></span> <span class='ocrx_word' id='word_1_434' title='bbox 1041 3652 1201 3708; x_wconf 84' lang='lat' dir='ltr'><strong>electorum</strong></span> <span class='ocrx_word' id='word_1_435' title='bbox 1215 3650 1392 3708; x_wconf 86' lang='lat' dir='ltr'><strong>omniumde</strong></span> <span class='ocrx_word' id='word_1_436' title='bbox 1409 3647 1641 3722; x_wconf 82' lang='lat' dir='ltr'><strong>peregrinatiane</strong></span> <span class='ocrx_word' id='word_1_437' title='bbox 1657 3645 1722 3714; x_wconf 88' lang='lat' dir='ltr'><strong>bac,</strong></span> <span class='ocrx_word' id='word_1_438' title='bbox 1738 3645 1787 3702; x_wconf 88' lang='lat' dir='ltr'><strong>ubi</strong></span> 
     </span>
     <span class='ocr_line' id='line_1_39' title="bbox 93 3734 1788 3811; baseline -0.006 -9"><span class='ocrx_word' id='word_1_439' title='bbox 93 3737 498 3811; x_wconf 73' lang='lat' dir='ltr'><strong>auremeebjungitar:aoura</strong></span> <span class='ocrx_word' id='word_1_440' title='bbox 509 3734 911 3805; x_wconf 74' lang='lat' dir='ltr'><strong>nercutoreetuiersntoriu·</strong></span> <span class='ocrx_word' id='word_1_441' title='bbox 965 3743 1041 3798; x_wconf 75' lang='lat' dir='ltr'><strong>mala</strong></span> <span class='ocrx_word' id='word_1_442' title='bbox 1057 3740 1223 3798; x_wconf 71' lang='lat' dir='ltr'><strong>inretitum</strong></span> <span class='ocrx_word' id='word_1_443' title='bbox 1235 3743 1376 3798; x_wconf 80' lang='lat' dir='ltr'><strong>damnare</strong></span> <span class='ocrx_word' id='word_1_444' title='bbox 1386 3741 1438 3796; x_wconf 82' lang='lat' dir='ltr'><strong>itta</strong></span> <span class='ocrx_word' id='word_1_445' title='bbox 1448 3739 1584 3796; x_wconf 76' lang='lat' dir='ltr'><strong>meretrix</strong></span> <span class='ocrx_word' id='word_1_446' title='bbox 1600 3737 1788 3811; x_wconf 53' lang='lat' dir='ltr'><strong>babylonae</strong></span> 
     </span>
     <span class='ocr_line' id='line_1_40' title="bbox 86 3823 1785 3902; baseline -0.009 -7"><span class='ocrx_word' id='word_1_447' title='bbox 86 3831 272 3902; x_wconf 66' lang='lat' dir='ltr'><strong>vipeflisstw,</strong></span> <span class='ocrx_word' id='word_1_448' title='bbox 290 3829 500 3884; x_wconf 64' lang='lat' dir='ltr'><strong>”idtfflflsitss</strong></span> <span class='ocrx_word' id='word_1_449' title='bbox 529 3826 553 3882; x_wconf 66' lang='lat' dir='ltr'><strong>Si</strong></span> <span class='ocrx_word' id='word_1_450' title='bbox 583 3826 679 3882; x_wconf 64' lang='lat' dir='ltr'><strong>ditflii</strong></span> <span class='ocrx_word' id='word_1_451' title='bbox 711 3823 909 3881; x_wconf 66' lang='lat' dir='ltr'><strong>Idcirfflnihil</strong></span> <span class='ocrx_word' id='word_1_452' title='bbox 963 3836 1101 3887; x_wconf 78' lang='lat' dir='ltr'><strong>aeternam</strong></span> <span class='ocrx_word' id='word_1_453' title='bbox 1121 3830 1306 3887; x_wconf 82' lang='lat' dir='ltr'><strong>etcoelestem</strong></span> <span class='ocrx_word' id='word_1_454' title='bbox 1328 3829 1475 3886; x_wconf 84' lang='lat' dir='ltr'><strong>civitatem</strong></span> <span class='ocrx_word' id='word_1_455' title='bbox 1502 3843 1584 3884; x_wconf 82' lang='lat' dir='ltr'><strong>suero</strong></span> <span class='ocrx_word' id='word_1_456' title='bbox 1609 3825 1785 3890; x_wconf 78' lang='lat' dir='ltr'><strong>Jerusalem,</strong></span> 
     </span>
     <span class='ocr_line' id='line_1_41' title="bbox 91 3910 1787 3988; baseline -0.006 -11"><span class='ocrx_word' id='word_1_457' title='bbox 91 3921 214 3978; x_wconf 89' lang='lat' dir='ltr'><strong>omnino</strong></span> <span class='ocrx_word' id='word_1_458' title='bbox 229 3917 444 3976; x_wconf 70' lang='lat' dir='ltr'><strong>commoditatis</strong></span> <span class='ocrx_word' id='word_1_459' title='bbox 460 3915 624 3972; x_wconf 72' lang='lat' dir='ltr'><strong>remanebit</strong></span> <span class='ocrx_word' id='word_1_460' title='bbox 644 3917 675 3970; x_wconf 91' lang='lat' dir='ltr'><strong>in</strong></span> <span class='ocrx_word' id='word_1_461' title='bbox 704 3917 743 3981; x_wconf 88' lang='lat' dir='ltr'><strong>te,</strong></span> <span class='ocrx_word' id='word_1_462' title='bbox 767 3914 838 3985; x_wconf 86' lang='lat' dir='ltr'><strong>quia</strong></span> <span class='ocrx_word' id='word_1_463' title='bbox 855 3912 912 3968; x_wconf 86' lang='lat' dir='ltr'><strong>etsi</strong></span> <span class='ocrx_word' id='word_1_464' title='bbox 965 3917 1163 3974; x_wconf 88' lang='lat' dir='ltr'><strong>redeuntium.</strong></span> <span class='ocrx_word' id='word_1_465' title='bbox 1179 3937 1194 3968; x_wconf 81' lang='lat' dir='ltr'><strong>a</strong></span> <span class='ocrx_word' id='word_1_466' title='bbox 1208 3916 1314 3972; x_wconf 70' lang='lat' dir='ltr'><strong>Audiri</strong></span> <span class='ocrx_word' id='word_1_467' title='bbox 1329 3933 1410 3988; x_wconf 87' lang='lat' dir='ltr'><strong>ergo,</strong></span> <span class='ocrx_word' id='word_1_468' title='bbox 1426 3914 1533 3986; x_wconf 84' lang='lat' dir='ltr'><strong>inquit,</strong></span> <span class='ocrx_word' id='word_1_469' title='bbox 1547 3919 1613 3985; x_wconf 89' lang='lat' dir='ltr'><strong>poet</strong></span> <span class='ocrx_word' id='word_1_470' title='bbox 1629 3913 1688 3968; x_wconf 81' lang='lat' dir='ltr'><strong>bec</strong></span> <span class='ocrx_word' id='word_1_471' title='bbox 1703 3910 1787 3982; x_wconf 88' lang='lat' dir='ltr'><strong>quasi</strong></span> 
     </span>
     <span class='ocr_line' id='line_1_42' title="bbox 83 4000 1785 4083; baseline -0.005 -19"><span class='ocrx_word' id='word_1_472' title='bbox 83 4010 241 4083; x_wconf 85' lang='lat' dir='ltr'><strong>quidpiam</strong></span> <span class='ocrx_word' id='word_1_473' title='bbox 258 4010 318 4066; x_wconf 86' lang='lat' dir='ltr'><strong>risa</strong></span> <span class='ocrx_word' id='word_1_474' title='bbox 332 4023 364 4064; x_wconf 87' lang='lat' dir='ltr'><strong>es</strong></span> <span class='ocrx_word' id='word_1_475' title='bbox 379 4007 486 4064; x_wconf 80' lang='lat' dir='ltr'><strong>babere</strong></span> <span class='ocrx_word' id='word_1_476' title='bbox 501 4005 715 4078; x_wconf 83' lang='lat' dir='ltr'><strong>qualiscunque</strong></span> <span class='ocrx_word' id='word_1_477' title='bbox 727 4003 862 4075; x_wconf 80' lang='lat' dir='ltr'><strong>justitio,</strong></span> <span class='ocrx_word' id='word_1_478' title='bbox 875 4007 911 4058; x_wconf 88' lang='lat' dir='ltr'><strong>tu</strong></span> <span class='ocrx_word' id='word_1_479' title='bbox 963 4023 1062 4064; x_wconf 86' lang='lat' dir='ltr'><strong>vorem</strong></span> <span class='ocrx_word' id='word_1_480' title='bbox 1077 4008 1212 4062; x_wconf 88' lang='lat' dir='ltr'><strong>tubarum</strong></span> <span class='ocrx_word' id='word_1_481' title='bbox 1222 4007 1382 4062; x_wconf 87' lang='lat' dir='ltr'><strong>multarum</strong></span> <span class='ocrx_word' id='word_1_482' title='bbox 1394 4005 1424 4060; x_wconf 93' lang='lat' dir='ltr'><strong>io</strong></span> <span class='ocrx_word' id='word_1_483' title='bbox 1442 4005 1513 4060; x_wconf 79' lang='lat' dir='ltr'><strong>caelo</strong></span> <span class='ocrx_word' id='word_1_484' title='bbox 1528 4000 1687 4058; x_wconf 85' lang='lat' dir='ltr'><strong>dicentium</strong></span> <span class='ocrx_word' id='word_1_485' title='bbox 1713 4000 1785 4056; x_wconf 91' lang='lat' dir='ltr'><strong>alle·</strong></span> 
     </span>
     <span class='ocr_line' id='line_1_43' title="bbox 13 4088 1787 4173; baseline -0.007 -16"><span class='ocrx_word' id='word_1_486' title='bbox 13 4123 16 4130; x_wconf 91' lang='lat'>·</span> <span class='ocrx_word' id='word_1_487' title='bbox 84 4101 162 4156; x_wconf 85' lang='lat' dir='ltr'><strong>bona</strong></span> <span class='ocrx_word' id='word_1_488' title='bbox 179 4099 308 4173; x_wconf 88' lang='lat' dir='ltr'><strong>recipisti</strong></span> <span class='ocrx_word' id='word_1_489' title='bbox 322 4098 353 4154; x_wconf 93' lang='lat' dir='ltr'><strong>in</strong></span> <span class='ocrx_word' id='word_1_490' title='bbox 367 4103 419 4154; x_wconf 90' lang='lat' dir='ltr'><strong>tuo</strong></span> <span class='ocrx_word' id='word_1_491' title='bbox 434 4103 566 4168; x_wconf 89' lang='lat' dir='ltr'><strong>tempore</strong></span> <span class='ocrx_word' id='word_1_492' title='bbox 581 4093 680 4166; x_wconf 82' lang='lat' dir='ltr'><strong>qualia</strong></span> <span class='ocrx_word' id='word_1_493' title='bbox 698 4093 842 4166; x_wconf 78' lang='lat' dir='ltr'><strong>quaesisti,</strong></span> <span class='ocrx_word' id='word_1_494' title='bbox 858 4109 910 4164; x_wconf 90' lang='lat' dir='ltr'><strong>pro</strong></span> <span class='ocrx_word' id='word_1_495' title='bbox 964 4096 1035 4153; x_wconf 86' lang='lat' dir='ltr'><strong>loia.</strong></span> <span class='ocrx_word' id='word_1_496' title='bbox 1052 4119 1066 4147; x_wconf 77' lang='grc' dir='ltr'><strong>ι</strong></span> <span class='ocrx_word' id='word_1_497' title='bbox 1077 4097 1209 4153; x_wconf 82' lang='lat' dir='ltr'><strong>Nolendo</strong></span> <span class='ocrx_word' id='word_1_498' title='bbox 1221 4093 1525 4167; x_wconf 80' lang='lat' dir='ltr'><strong>mirabilieoppositio,</strong></span> <span class='ocrx_word' id='word_1_499' title='bbox 1539 4091 1605 4163; x_wconf 85' lang='lat' dir='ltr'><strong>quia</strong></span> <span class='ocrx_word' id='word_1_500' title='bbox 1616 4090 1660 4146; x_wconf 90' lang='lat' dir='ltr'><strong>illl</strong></span> <span class='ocrx_word' id='word_1_501' title='bbox 1670 4088 1787 4159; x_wconf 90' lang='lat' dir='ltr'><strong>ejulan-</strong></span> 
     </span>
     <span class='ocr_line' id='line_1_44' title="bbox 82 4177 1786 4258; baseline -0.004 -18"><span class='ocrx_word' id='word_1_502' title='bbox 82 4184 223 4258; x_wconf 83' lang='lat' dir='ltr'><strong>qualibus</strong></span> <span class='ocrx_word' id='word_1_503' title='bbox 231 4182 484 4256; x_wconf 87' lang='lat' dir='ltr'><strong>acquirendiseire</strong></span> <span class='ocrx_word' id='word_1_504' title='bbox 492 4180 633 4250; x_wconf 86' lang='lat' dir='ltr'><strong>tutandis,</strong></span> <span class='ocrx_word' id='word_1_505' title='bbox 648 4187 680 4236; x_wconf 90' lang='lat' dir='ltr'><strong>tu</strong></span> <span class='ocrx_word' id='word_1_506' title='bbox 693 4177 772 4252; x_wconf 87' lang='lat' dir='ltr'><strong>legas</strong></span> <span class='ocrx_word' id='word_1_507' title='bbox 787 4177 911 4235; x_wconf 91' lang='lat' dir='ltr'><strong>nonnul·</strong></span> <span class='ocrx_word' id='word_1_508' title='bbox 965 4191 1010 4242; x_wconf 69' lang='lat' dir='ltr'><strong>tea</strong></span> <span class='ocrx_word' id='word_1_509' title='bbox 1024 4186 1111 4242; x_wconf 70' lang='lat' dir='ltr'><strong>tertio</strong></span> <span class='ocrx_word' id='word_1_510' title='bbox 1123 4185 1226 4241; x_wconf 72' lang='lat' dir='ltr'><strong>dieunt</strong></span> <span class='ocrx_word' id='word_1_511' title='bbox 1236 4201 1289 4254; x_wconf 62' lang='grc' dir='ltr'><strong>νε,</strong></span> <span class='ocrx_word' id='word_1_512' title='bbox 1302 4201 1356 4254; x_wconf 71' lang='lat' dir='ltr'><strong>va,</strong></span> <span class='ocrx_word' id='word_1_513' title='bbox 1375 4183 1478 4239; x_wconf 78' lang='lat' dir='ltr'><strong>civitae</strong></span> <span class='ocrx_word' id='word_1_514' title='bbox 1500 4181 1565 4250; x_wconf 87' lang='lat' dir='ltr'><strong>ille,</strong></span> <span class='ocrx_word' id='word_1_515' title='bbox 1590 4179 1638 4236; x_wconf 86' lang='lat' dir='ltr'><strong>isti</strong></span> <span class='ocrx_word' id='word_1_516' title='bbox 1665 4184 1786 4236; x_wconf 86' lang='lat' dir='ltr'><strong>econtra</strong></span> 
     </span>
     <span class='ocr_line' id='line_1_45' title="bbox 87 4267 1787 4340; baseline -0.002 -10"><span class='ocrx_word' id='word_1_517' title='bbox 87 4274 291 4330; x_wconf 83' lang='lat' dir='ltr'><strong>laceratione</strong></span> <span class='ocrx_word' id='word_1_518' title='bbox 307 4267 911 4330; x_wconf 83' lang='lat' dir='ltr'><strong>aondissentienteelorisrelintuebebui·</strong></span> <span class='ocrx_word' id='word_1_519' title='bbox 965 4273 1195 4332; x_wconf 83' lang='lat' dir='ltr'><strong>letantestertiu</strong></span> <span class='ocrx_word' id='word_1_520' title='bbox 1213 4274 1315 4330; x_wconf 89' lang='lat' dir='ltr'><strong>dicant</strong></span> <span class='ocrx_word' id='word_1_521' title='bbox 1338 4271 1466 4330; x_wconf 86' lang='lat' dir='ltr'><strong>alleluia.</strong></span> <span class='ocrx_word' id='word_1_522' title='bbox 1496 4271 1626 4326; x_wconf 75' lang='lat' dir='ltr'><strong>Primo«</strong></span> <span class='ocrx_word' id='word_1_523' title='bbox 1657 4284 1787 4340; x_wconf 88' lang='lat' dir='ltr'><strong>namque</strong></span> 
     </span>
     <span class='ocr_line' id='line_1_46' title="bbox 85 4358 1786 4436; baseline -0.004 -15"><span class='ocrx_word' id='word_1_524' title='bbox 85 4365 126 4421; x_wconf 89' lang='lat' dir='ltr'><strong>eti</strong></span> <span class='ocrx_word' id='word_1_525' title='bbox 142 4373 169 4420; x_wconf 90' lang='lat' dir='ltr'><strong>et</strong></span> <span class='ocrx_word' id='word_1_526' title='bbox 184 4363 350 4420; x_wconf 84' lang='lat' dir='ltr'><strong>custodisti.</strong></span> <span class='ocrx_word' id='word_1_527' title='bbox 367 4361 469 4433; x_wconf 79' lang='lat' dir='ltr'><strong>lisque</strong></span> <span class='ocrx_word' id='word_1_528' title='bbox 482 4361 560 4418; x_wconf 87' lang='lat' dir='ltr'><strong>caim</strong></span> <span class='ocrx_word' id='word_1_529' title='bbox 574 4359 634 4416; x_wconf 84' lang='lat' dir='ltr'><strong>tale</strong></span> <span class='ocrx_word' id='word_1_530' title='bbox 647 4359 717 4430; x_wconf 89' lang='lat' dir='ltr'><strong>quid</strong></span> <span class='ocrx_word' id='word_1_531' title='bbox 732 4362 848 4432; x_wconf 75' lang='lat' dir='ltr'><strong>propter</strong></span> <span class='ocrx_word' id='word_1_532' title='bbox 862 4375 911 4414; x_wconf 80' lang='lat' dir='ltr'><strong>rc-</strong></span> <span class='ocrx_word' id='word_1_533' title='bbox 964 4363 1384 4436; x_wconf 87' lang='lat' dir='ltr'><strong>audivi,inquit,qneeivoecm</strong></span> <span class='ocrx_word' id='word_1_534' title='bbox 1396 4359 1700 4434; x_wconf 84' lang='lat' dir='ltr'><strong>magnamdicentium</strong></span> <span class='ocrx_word' id='word_1_535' title='bbox 1711 4358 1786 4415; x_wconf 83' lang='lat' dir='ltr'><strong>alle-</strong></span> 
     </span>
     <span class='ocr_line' id='line_1_47' title="bbox 92 4445 1786 4526; baseline -0.009 -5"><span class='ocrx_word' id='word_1_536' title='bbox 92 4469 156 4511; x_wconf 88' lang='lat' dir='ltr'><strong>ram</strong></span> <span class='ocrx_word' id='word_1_537' title='bbox 168 4453 259 4510; x_wconf 69' lang='lat' dir='ltr'><strong>&#39;iim</strong></span> <span class='ocrx_word' id='word_1_538' title='bbox 275 4451 448 4520; x_wconf 61' lang='lat' dir='ltr'><strong>⁰b⁸⁰rvt⁸ib</strong></span> <span class='ocrx_word' id='word_1_539' title='bbox 459 4452 550 4508; x_wconf 68' lang='lat' dir='ltr'><strong>⁵0⁶¹st</strong></span> <span class='ocrx_word' id='word_1_540' title='bbox 565 4445 909 4521; x_wconf 57' lang='lat' dir='ltr'><strong>mliusspilssiifflini</strong></span> <span class='ocrx_word' id='word_1_541' title='bbox 964 4455 1036 4526; x_wconf 87' lang='lat' dir='ltr'><strong>loia,</strong></span> <span class='ocrx_word' id='word_1_542' title='bbox 1053 4475 1067 4506; x_wconf 78' lang='lat' dir='ltr'><strong>a</strong></span> <span class='ocrx_word' id='word_1_543' title='bbox 1083 4455 1212 4512; x_wconf 85' lang='lat' dir='ltr'><strong>serundo</strong></span> <span class='ocrx_word' id='word_1_544' title='bbox 1222 4453 1364 4510; x_wconf 88' lang='lat' dir='ltr'><strong>etiterum</strong></span> <span class='ocrx_word' id='word_1_545' title='bbox 1372 4453 1430 4510; x_wconf 89' lang='lat' dir='ltr'><strong>eit:</strong></span> <span class='ocrx_word' id='word_1_546' title='bbox 1447 4451 1614 4510; x_wconf 76' lang='lat' dir='ltr'><strong>alliserunt</strong></span> <span class='ocrx_word' id='word_1_547' title='bbox 1626 4449 1758 4516; x_wconf 84' lang='lat' dir='ltr'><strong>alleluia,</strong></span> <span class='ocrx_word' id='word_1_548' title='bbox 1769 4469 1786 4499; x_wconf 74' lang='lat' dir='ltr'><strong>a</strong></span> 
     </span>
     <span class='ocr_line' id='line_1_48' title="bbox 85 4531 1785 4615; baseline -0.002 -17"><span class='ocrx_word' id='word_1_549' title='bbox 85 4541 306 4615; x_wconf 84' lang='lat' dir='ltr'><strong>negotiarentur</strong></span> <span class='ocrx_word' id='word_1_550' title='bbox 322 4541 351 4596; x_wconf 93' lang='lat' dir='ltr'><strong>in</strong></span> <span class='ocrx_word' id='word_1_551' title='bbox 369 4539 563 4613; x_wconf 83' lang='lat' dir='ltr'><strong>acquisitione</strong></span> <span class='ocrx_word' id='word_1_552' title='bbox 578 4538 681 4596; x_wconf 86' lang='lat' dir='ltr'><strong>nuriet</strong></span> <span class='ocrx_word' id='word_1_553' title='bbox 697 4537 821 4609; x_wconf 82' lang='lat' dir='ltr'><strong>argenti,</strong></span> <span class='ocrx_word' id='word_1_554' title='bbox 838 4553 909 4608; x_wconf 85' lang='lat' dir='ltr'><strong>prae·</strong></span> <span class='ocrx_word' id='word_1_555' title='bbox 923 4531 947 4596; x_wconf 86' lang='lat' dir='ltr'><strong>[i</strong></span> <span class='ocrx_word' id='word_1_556' title='bbox 963 4543 1048 4600; x_wconf 85' lang='lat' dir='ltr'><strong>tertio</strong></span> <span class='ocrx_word' id='word_1_557' title='bbox 1067 4561 1073 4598; x_wconf 92' lang='lat'>:</span> <span class='ocrx_word' id='word_1_558' title='bbox 1093 4563 1104 4592; x_wconf 85' lang='lat' dir='ltr'><strong>r</strong></span> <span class='ocrx_word' id='word_1_559' title='bbox 1120 4549 1153 4600; x_wconf 75' lang='lat' dir='ltr'><strong>et</strong></span> <span class='ocrx_word' id='word_1_560' title='bbox 1176 4543 1370 4600; x_wconf 82' lang='lat' dir='ltr'><strong>adoraverunt</strong></span> <span class='ocrx_word' id='word_1_561' title='bbox 1394 4541 1487 4599; x_wconf 85' lang='lat' dir='ltr'><strong>Deum</strong></span> <span class='ocrx_word' id='word_1_562' title='bbox 1515 4541 1667 4598; x_wconf 84' lang='lat' dir='ltr'><strong>sedentem</strong></span> <span class='ocrx_word' id='word_1_563' title='bbox 1695 4553 1785 4612; x_wconf 87' lang='lat' dir='ltr'><strong>super</strong></span> 
     </span>
     <span class='ocr_line' id='line_1_49' title="bbox 79 4624 1784 4704; baseline -0.002 -16"><span class='ocrx_word' id='word_1_564' title='bbox 79 4633 260 4704; x_wconf 86' lang='lat' dir='ltr'><strong>dierumque</strong></span> <span class='ocrx_word' id='word_1_565' title='bbox 270 4635 455 4688; x_wconf 82' lang='lat' dir='ltr'><strong>ettractnum</strong></span> <span class='ocrx_word' id='word_1_566' title='bbox 468 4629 571 4698; x_wconf 86' lang='lat' dir='ltr'><strong>merie,</strong></span> <span class='ocrx_word' id='word_1_567' title='bbox 582 4634 611 4686; x_wconf 85' lang='lat' dir='ltr'><strong>et</strong></span> <span class='ocrx_word' id='word_1_568' title='bbox 621 4627 694 4684; x_wconf 90' lang='lat' dir='ltr'><strong>nihil</strong></span> <span class='ocrx_word' id='word_1_569' title='bbox 706 4627 818 4684; x_wconf 87' lang='lat' dir='ltr'><strong>deesset</strong></span> <span class='ocrx_word' id='word_1_570' title='bbox 830 4624 910 4682; x_wconf 87' lang='lat' dir='ltr'><strong>volu·</strong></span> <span class='ocrx_word' id='word_1_571' title='bbox 963 4633 1101 4690; x_wconf 73' lang='lat' dir='ltr'><strong>thronem</strong></span> <span class='ocrx_word' id='word_1_572' title='bbox 1117 4633 1245 4688; x_wconf 84' lang='lat' dir='ltr'><strong>dicentes</strong></span> <span class='ocrx_word' id='word_1_573' title='bbox 1257 4649 1264 4689; x_wconf 92' lang='lat'>:</span> <span class='ocrx_word' id='word_1_574' title='bbox 1275 4633 1381 4701; x_wconf 78' lang='lat' dir='ltr'><strong>Amen,</strong></span> <span class='ocrx_word' id='word_1_575' title='bbox 1396 4631 1522 4688; x_wconf 85' lang='lat' dir='ltr'><strong>alleluia.</strong></span> <span class='ocrx_word' id='word_1_576' title='bbox 1539 4651 1555 4681; x_wconf 76' lang='lat' dir='ltr'><strong>a</strong></span> <span class='ocrx_word' id='word_1_577' title='bbox 1571 4635 1628 4687; x_wconf 77' lang='lat' dir='ltr'><strong>Neo</strong></span> <span class='ocrx_word' id='word_1_578' title='bbox 1642 4629 1699 4685; x_wconf 88' lang='lat' dir='ltr'><strong>isto</strong></span> <span class='ocrx_word' id='word_1_579' title='bbox 1714 4644 1784 4686; x_wconf 90' lang='lat' dir='ltr'><strong>con·</strong></span> 
     </span>
     <span class='ocr_line' id='line_1_50' title="bbox 81 4715 1786 4795; baseline -0.005 -19"><span class='ocrx_word' id='word_1_580' title='bbox 81 4721 385 4795; x_wconf 88' lang='lat' dir='ltr'><strong>ptetibueexplendis.</strong></span> <span class='ocrx_word' id='word_1_581' title='bbox 396 4720 489 4778; x_wconf 78' lang='lat' dir='ltr'><strong>&#39;l&#39;oam</strong></span> <span class='ocrx_word' id='word_1_582' title='bbox 506 4735 575 4792; x_wconf 87' lang='lat' dir='ltr'><strong>ergo</strong></span> <span class='ocrx_word' id='word_1_583' title='bbox 588 4717 750 4775; x_wconf 88' lang='lat' dir='ltr'><strong>mercedem</strong></span> <span class='ocrx_word' id='word_1_584' title='bbox 762 4715 909 4789; x_wconf 85' lang='lat' dir='ltr'><strong>recepisti,</strong></span> <span class='ocrx_word' id='word_1_585' title='bbox 963 4722 1177 4779; x_wconf 69' lang='lat' dir='ltr'><strong>recensitarum</strong></span> <span class='ocrx_word' id='word_1_586' title='bbox 1192 4721 1329 4793; x_wconf 80' lang='lat' dir='ltr'><strong>repererit</strong></span> <span class='ocrx_word' id='word_1_587' title='bbox 1343 4723 1424 4793; x_wconf 84' lang='lat' dir='ltr'><strong>quod</strong></span> <span class='ocrx_word' id='word_1_588' title='bbox 1439 4719 1655 4778; x_wconf 59' lang='lat' dir='ltr'><strong>cineratum</strong></span> <span class='ocrx_word' id='word_1_589' title='bbox 1686 4717 1786 4772; x_wconf 83' lang='lat' dir='ltr'><strong>audivi</strong></span> 
     </span>
     <span class='ocr_line' id='line_1_51' title="bbox 84 4807 1782 4884; baseline -0.005 -17"><span class='ocrx_word' id='word_1_590' title='bbox 84 4812 122 4867; x_wconf 93' lang='lat' dir='ltr'><strong>de</strong></span> <span class='ocrx_word' id='word_1_591' title='bbox 139 4815 243 4868; x_wconf 83' lang='lat' dir='ltr'><strong>cetero</strong></span> <span class='ocrx_word' id='word_1_592' title='bbox 258 4811 384 4883; x_wconf 86' lang='lat' dir='ltr'><strong>questibi</strong></span> <span class='ocrx_word' id='word_1_593' title='bbox 397 4810 526 4882; x_wconf 87' lang='lat' dir='ltr'><strong>reposita</strong></span> <span class='ocrx_word' id='word_1_594' title='bbox 540 4808 759 4865; x_wconf 89' lang='lat' dir='ltr'><strong>eratdemnatio</strong></span> <span class='ocrx_word' id='word_1_595' title='bbox 771 4807 908 4864; x_wconf 87' lang='lat' dir='ltr'><strong>nuncde·</strong></span> <span class='ocrx_word' id='word_1_596' title='bbox 963 4811 1047 4884; x_wconf 87' lang='lat' dir='ltr'><strong>quasi</strong></span> <span class='ocrx_word' id='word_1_597' title='bbox 1062 4827 1159 4868; x_wconf 87' lang='lat' dir='ltr'><strong>vorem</strong></span> <span class='ocrx_word' id='word_1_598' title='bbox 1177 4812 1251 4868; x_wconf 82' lang='lat' dir='ltr'><strong>tube</strong></span> <span class='ocrx_word' id='word_1_599' title='bbox 1265 4827 1390 4883; x_wconf 82' lang='lat' dir='ltr'><strong>magnae.</strong></span> <span class='ocrx_word' id='word_1_600' title='bbox 1401 4815 1429 4866; x_wconf 88' lang='lat' dir='ltr'><strong>et</strong></span> <span class='ocrx_word' id='word_1_601' title='bbox 1442 4809 1625 4866; x_wconf 82' lang='lat' dir='ltr'><strong>sicutrucear</strong></span> <span class='ocrx_word' id='word_1_602' title='bbox 1639 4819 1782 4878; x_wconf 80' lang='lat' dir='ltr'><strong>aquarum</strong></span> 
     </span>
     <span class='ocr_line' id='line_1_52' title="bbox 83 4894 1770 4970; baseline -0.006 -11"><span class='ocrx_word' id='word_1_603' title='bbox 83 4901 183 4968; x_wconf 77' lang='lat' dir='ltr'><strong>betur.</strong></span> <span class='ocrx_word' id='word_1_604' title='bbox 198 4907 226 4958; x_wconf 86' lang='lat' dir='ltr'><strong>et</strong></span> <span class='ocrx_word' id='word_1_605' title='bbox 239 4917 318 4958; x_wconf 88' lang='lat' dir='ltr'><strong>nnnc</strong></span> <span class='ocrx_word' id='word_1_606' title='bbox 332 4901 464 4956; x_wconf 89' lang='lat' dir='ltr'><strong>redditur</strong></span> <span class='ocrx_word' id='word_1_607' title='bbox 480 4898 532 4955; x_wconf 87' lang='lat' dir='ltr'><strong>tibi</strong></span> <span class='ocrx_word' id='word_1_608' title='bbox 547 4897 648 4955; x_wconf 80' lang='lat' dir='ltr'><strong>eterni</strong></span> <span class='ocrx_word' id='word_1_609' title='bbox 659 4896 773 4970; x_wconf 76' lang='lat' dir='ltr'><strong>iudicii.</strong></span> <span class='ocrx_word' id='word_1_610' title='bbox 788 4897 910 4970; x_wconf 83' lang='lat' dir='ltr'><strong>Propter</strong></span> <span class='ocrx_word' id='word_1_611' title='bbox 962 4901 1136 4968; x_wconf 83' lang='lat' dir='ltr'><strong>mattarum,</strong></span> <span class='ocrx_word' id='word_1_612' title='bbox 1148 4905 1179 4957; x_wconf 86' lang='lat' dir='ltr'><strong>et</strong></span> <span class='ocrx_word' id='word_1_613' title='bbox 1192 4901 1272 4958; x_wconf 86' lang='lat' dir='ltr'><strong>sicot</strong></span> <span class='ocrx_word' id='word_1_614' title='bbox 1290 4916 1389 4958; x_wconf 89' lang='lat' dir='ltr'><strong>rocem</strong></span> <span class='ocrx_word' id='word_1_615' title='bbox 1401 4898 1597 4956; x_wconf 89' lang='lat' dir='ltr'><strong>tonitruorum</strong></span> <span class='ocrx_word' id='word_1_616' title='bbox 1610 4894 1770 4952; x_wconf 90' lang='lat' dir='ltr'><strong>multorum</strong></span> 
     </span>
     <span class='ocr_line' id='line_1_53' title="bbox 83 4980 1782 5062; baseline -0.004 -16"><span class='ocrx_word' id='word_1_617' title='bbox 83 4991 145 5046; x_wconf 91' lang='lat' dir='ltr'><strong>duo</strong></span> <span class='ocrx_word' id='word_1_618' title='bbox 158 4990 230 5056; x_wconf 80' lang='lat' dir='ltr'><strong>brec,</strong></span> <span class='ocrx_word' id='word_1_619' title='bbox 242 4991 311 5062; x_wconf 90' lang='lat' dir='ltr'><strong>qnia</strong></span> <span class='ocrx_word' id='word_1_620' title='bbox 326 4988 356 5045; x_wconf 94' lang='lat' dir='ltr'><strong>in</strong></span> <span class='ocrx_word' id='word_1_621' title='bbox 370 4987 522 5047; x_wconf 81' lang='lat' dir='ltr'><strong>ueneficiis</strong></span> <span class='ocrx_word' id='word_1_622' title='bbox 533 4987 779 5056; x_wconf 87' lang='lat' dir='ltr'><strong>tuieerrarerant,</strong></span> <span class='ocrx_word' id='word_1_623' title='bbox 796 4990 825 5044; x_wconf 89' lang='lat' dir='ltr'><strong>at</strong></span> <span class='ocrx_word' id='word_1_624' title='bbox 839 4985 910 5058; x_wconf 84' lang='lat' dir='ltr'><strong>quic</strong></span> <span class='ocrx_word' id='word_1_625' title='bbox 962 4991 1121 5048; x_wconf 86' lang='lat' dir='ltr'><strong>dicentium</strong></span> <span class='ocrx_word' id='word_1_626' title='bbox 1131 4990 1280 5048; x_wconf 78' lang='lat' dir='ltr'><strong>alleluia«</strong></span> <span class='ocrx_word' id='word_1_627' title='bbox 1291 4992 1471 5060; x_wconf 86' lang='lat' dir='ltr'><strong>Quaterergo</strong></span> <span class='ocrx_word' id='word_1_628' title='bbox 1482 4987 1593 5042; x_wconf 86' lang='lat' dir='ltr'><strong>dictum</strong></span> <span class='ocrx_word' id='word_1_629' title='bbox 1603 4980 1782 5040; x_wconf 82' lang='lat' dir='ltr'><strong>estelleluia.</strong></span> 
     </span>
     <span class='ocr_line' id='line_1_54' title="bbox 83 5070 1785 5154; baseline -0.004 -19"><span class='ocrx_word' id='word_1_630' title='bbox 83 5078 206 5151; x_wconf 89' lang='lat' dir='ltr'><strong>sanguis</strong></span> <span class='ocrx_word' id='word_1_631' title='bbox 221 5077 429 5151; x_wconf 82' lang='lat' dir='ltr'><strong>prophetarum</strong></span> <span class='ocrx_word' id='word_1_632' title='bbox 441 5082 470 5133; x_wconf 90' lang='lat' dir='ltr'><strong>et</strong></span> <span class='ocrx_word' id='word_1_633' title='bbox 483 5080 652 5132; x_wconf 88' lang='lat' dir='ltr'><strong>sauctorum</strong></span> <span class='ocrx_word' id='word_1_634' title='bbox 675 5078 704 5132; x_wconf 93' lang='lat' dir='ltr'><strong>in</strong></span> <span class='ocrx_word' id='word_1_635' title='bbox 730 5083 756 5132; x_wconf 89' lang='lat' dir='ltr'><strong>te</strong></span> <span class='ocrx_word' id='word_1_636' title='bbox 771 5076 907 5132; x_wconf 78' lang='lat' dir='ltr'><strong>inventus</strong></span> <span class='ocrx_word' id='word_1_637' title='bbox 961 5081 994 5138; x_wconf 78' lang='lat' dir='ltr'><strong>lit</strong></span> <span class='ocrx_word' id='word_1_638' title='bbox 1009 5081 1031 5136; x_wconf 91' lang='lat' dir='ltr'><strong>si</strong></span> <span class='ocrx_word' id='word_1_639' title='bbox 1040 5080 1134 5154; x_wconf 85' lang='lat' dir='ltr'><strong>placet</strong></span> <span class='ocrx_word' id='word_1_640' title='bbox 1144 5079 1412 5153; x_wconf 83' lang='lat' dir='ltr'><strong>interpretationem</strong></span> <span class='ocrx_word' id='word_1_641' title='bbox 1422 5075 1465 5133; x_wconf 84' lang='lat' dir='ltr'><strong>rel</strong></span> <span class='ocrx_word' id='word_1_642' title='bbox 1476 5091 1594 5132; x_wconf 89' lang='lat' dir='ltr'><strong>sensum</strong></span> <span class='ocrx_word' id='word_1_643' title='bbox 1604 5070 1684 5130; x_wconf 87' lang='lat' dir='ltr'><strong>racis</strong></span> <span class='ocrx_word' id='word_1_644' title='bbox 1693 5070 1785 5142; x_wconf 78' lang='lat' dir='ltr'><strong>bulas</strong></span> 
     </span>
     <span class='ocr_line' id='line_1_55' title="bbox 80 5161 1786 5242; baseline -0.009 -12"><span class='ocrx_word' id='word_1_645' title='bbox 80 5171 137 5235; x_wconf 84' lang='lat' dir='ltr'><strong>est,</strong></span> <span class='ocrx_word' id='word_1_646' title='bbox 152 5169 187 5223; x_wconf 79' lang='lat' dir='ltr'><strong>de</strong></span> <span class='ocrx_word' id='word_1_647' title='bbox 204 5165 416 5238; x_wconf 73' lang='lat' dir='ltr'><strong>quibusmusia</strong></span> <span class='ocrx_word' id='word_1_648' title='bbox 430 5163 613 5236; x_wconf 78' lang='lat' dir='ltr'><strong>planiasjam</strong></span> <span class='ocrx_word' id='word_1_649' title='bbox 622 5161 832 5234; x_wconf 76' lang='lat' dir='ltr'><strong>supradictam</strong></span> <span class='ocrx_word' id='word_1_650' title='bbox 849 5167 906 5221; x_wconf 80' lang='lat' dir='ltr'><strong>aar.</strong></span> <span class='ocrx_word' id='word_1_651' title='bbox 961 5169 1179 5242; x_wconf 77' lang='lat' dir='ltr'><strong>aequipollenter</strong></span> <span class='ocrx_word' id='word_1_652' title='bbox 1192 5167 1424 5240; x_wconf 68' lang='lat' dir='ltr'><strong>reciperassent</strong></span> <span class='ocrx_word' id='word_1_653' title='bbox 1438 5164 1607 5222; x_wconf 73' lang='lat' dir='ltr'><strong>litterariae</strong></span> <span class='ocrx_word' id='word_1_654' title='bbox 1620 5179 1674 5231; x_wconf 81' lang='lat' dir='ltr'><strong>ra,</strong></span> <span class='ocrx_word' id='word_1_655' title='bbox 1688 5161 1729 5216; x_wconf 79' lang='lat' dir='ltr'><strong>ita</strong></span> <span class='ocrx_word' id='word_1_656' title='bbox 1755 5165 1786 5215; x_wconf 83' lang='lat' dir='ltr'><strong>et</strong></span> 
     </span>
     <span class='ocr_line' id='line_1_56' title="bbox 80 5249 1785 5336; baseline -0.009 -16"><span class='ocrx_word' id='word_1_657' title='bbox 80 5268 145 5320; x_wconf 85' lang='lat' dir='ltr'><strong>Noe</strong></span> <span class='ocrx_word' id='word_1_658' title='bbox 161 5262 364 5320; x_wconf 87' lang='lat' dir='ltr'><strong>solamentem</strong></span> <span class='ocrx_word' id='word_1_659' title='bbox 375 5262 585 5336; x_wconf 84' lang='lat' dir='ltr'><strong>prophetarum</strong></span> <span class='ocrx_word' id='word_1_660' title='bbox 597 5261 908 5332; x_wconf 86' lang='lat' dir='ltr'><strong>etsenctcrumrequl-</strong></span> <span class='ocrx_word' id='word_1_661' title='bbox 961 5259 1010 5316; x_wconf 90' lang='lat' dir='ltr'><strong>bie</strong></span> <span class='ocrx_word' id='word_1_662' title='bbox 1023 5253 1514 5324; x_wconf 72' lang='lat' dir='ltr'><strong>allelniesexiesdiotumest.Nem,</strong></span> <span class='ocrx_word' id='word_1_663' title='bbox 1524 5249 1785 5325; x_wconf 86' lang='lat' dir='ltr'><strong>postquamprimo</strong></span> 
     </span>
     <span class='ocr_line' id='line_1_57' title="bbox 80 5341 1783 5424; baseline -0.007 -17"><span class='ocrx_word' id='word_1_664' title='bbox 80 5353 157 5408; x_wconf 88' lang='lat' dir='ltr'><strong>ritur</strong></span> <span class='ocrx_word' id='word_1_665' title='bbox 172 5367 206 5408; x_wconf 84' lang='lat' dir='ltr'><strong>ex</strong></span> <span class='ocrx_word' id='word_1_666' title='bbox 220 5357 362 5424; x_wconf 85' lang='lat' dir='ltr'><strong>te,verom</strong></span> <span class='ocrx_word' id='word_1_667' title='bbox 378 5351 465 5408; x_wconf 87' lang='lat' dir='ltr'><strong>etiem</strong></span> <span class='ocrx_word' id='word_1_668' title='bbox 478 5351 613 5408; x_wconf 89' lang='lat' dir='ltr'><strong>omnium</strong></span> <span class='ocrx_word' id='word_1_669' title='bbox 628 5348 737 5422; x_wconf 86' lang='lat' dir='ltr'><strong>pariter</strong></span> <span class='ocrx_word' id='word_1_670' title='bbox 753 5349 802 5421; x_wconf 90' lang='lat' dir='ltr'><strong>qui</strong></span> <span class='ocrx_word' id='word_1_671' title='bbox 814 5351 907 5407; x_wconf 87' lang='lat' dir='ltr'><strong>inter·</strong></span> <span class='ocrx_word' id='word_1_672' title='bbox 961 5350 1072 5406; x_wconf 88' lang='lat' dir='ltr'><strong>dietum</strong></span> <span class='ocrx_word' id='word_1_673' title='bbox 1087 5354 1132 5405; x_wconf 87' lang='lat' dir='ltr'><strong>est</strong></span> <span class='ocrx_word' id='word_1_674' title='bbox 1145 5369 1160 5400; x_wconf 82' lang='lat' dir='ltr'><strong>a</strong></span> <span class='ocrx_word' id='word_1_675' title='bbox 1176 5345 1303 5415; x_wconf 86' lang='lat' dir='ltr'><strong>alleluia,</strong></span> <span class='ocrx_word' id='word_1_676' title='bbox 1320 5369 1331 5399; x_wconf 71' lang='lat' dir='ltr'><strong>e</strong></span> <span class='ocrx_word' id='word_1_677' title='bbox 1346 5345 1537 5416; x_wconf 83' lang='lat' dir='ltr'><strong>subjunctum</strong></span> <span class='ocrx_word' id='word_1_678' title='bbox 1550 5347 1614 5400; x_wconf 90' lang='lat' dir='ltr'><strong>eet:</strong></span> <span class='ocrx_word' id='word_1_679' title='bbox 1632 5364 1646 5392; x_wconf 75' lang='lat' dir='ltr'><strong>a</strong></span> <span class='ocrx_word' id='word_1_680' title='bbox 1663 5345 1739 5396; x_wconf 78' lang='lat' dir='ltr'><strong>Laus</strong></span> <span class='ocrx_word' id='word_1_681' title='bbox 1754 5341 1783 5394; x_wconf 88' lang='lat' dir='ltr'><strong>et</strong></span> 
     </span>
     <span class='ocr_line' id='line_1_58' title="bbox 80 5433 1786 5513; baseline -0.006 -18"><span class='ocrx_word' id='word_1_682' title='bbox 80 5440 150 5498; x_wconf 87' lang='lat' dir='ltr'><strong>teeti</strong></span> <span class='ocrx_word' id='word_1_683' title='bbox 166 5451 235 5497; x_wconf 87' lang='lat' dir='ltr'><strong>sant</strong></span> <span class='ocrx_word' id='word_1_684' title='bbox 249 5443 376 5508; x_wconf 87' lang='lat' dir='ltr'><strong>interra,</strong></span> <span class='ocrx_word' id='word_1_685' title='bbox 393 5437 463 5512; x_wconf 90' lang='lat' dir='ltr'><strong>quia</strong></span> <span class='ocrx_word' id='word_1_686' title='bbox 478 5435 765 5494; x_wconf 79' lang='lat' dir='ltr'><strong>videlicetbellorum</strong></span> <span class='ocrx_word' id='word_1_687' title='bbox 777 5437 907 5494; x_wconf 88' lang='lat' dir='ltr'><strong>ethomi·</strong></span> <span class='ocrx_word' id='word_1_688' title='bbox 961 5439 1065 5513; x_wconf 83' lang='lat' dir='ltr'><strong>glorie,</strong></span> <span class='ocrx_word' id='word_1_689' title='bbox 1081 5443 1112 5495; x_wconf 90' lang='lat' dir='ltr'><strong>et</strong></span> <span class='ocrx_word' id='word_1_690' title='bbox 1124 5438 1217 5493; x_wconf 86' lang='lat' dir='ltr'><strong>virtus</strong></span> <span class='ocrx_word' id='word_1_691' title='bbox 1231 5438 1289 5494; x_wconf 88' lang='lat' dir='ltr'><strong>Deo</strong></span> <span class='ocrx_word' id='word_1_692' title='bbox 1306 5443 1406 5493; x_wconf 88' lang='lat' dir='ltr'><strong>nostro</strong></span> <span class='ocrx_word' id='word_1_693' title='bbox 1420 5439 1465 5492; x_wconf 87' lang='lat' dir='ltr'><strong>eet</strong></span> <span class='ocrx_word' id='word_1_694' title='bbox 1483 5451 1491 5504; x_wconf 91' lang='lat'>;</span> <span class='ocrx_word' id='word_1_695' title='bbox 1509 5455 1523 5484; x_wconf 76' lang='lat' dir='ltr'><strong>n</strong></span> <span class='ocrx_word' id='word_1_696' title='bbox 1541 5433 1610 5488; x_wconf 88' lang='lat' dir='ltr'><strong>item</strong></span> <span class='ocrx_word' id='word_1_697' title='bbox 1627 5435 1786 5503; x_wconf 86' lang='lat' dir='ltr'><strong>postquem</strong></span> 
     </span>
     <span class='ocr_line' id='line_1_59' title="bbox 79 5523 1787 5600; baseline -0.006 -15"><span class='ocrx_word' id='word_1_698' title='bbox 79 5525 674 5600; x_wconf 85' lang='lat' dir='ltr'><strong>oldioramonmiumqueeloitceusa,nisi</strong></span> <span class='ocrx_word' id='word_1_699' title='bbox 686 5525 906 5584; x_wconf 83' lang='lat' dir='ltr'><strong>redixomniom</strong></span> <span class='ocrx_word' id='word_1_700' title='bbox 961 5530 1073 5586; x_wconf 91' lang='lat' dir='ltr'><strong>dictum</strong></span> <span class='ocrx_word' id='word_1_701' title='bbox 1088 5531 1166 5596; x_wconf 84' lang='lat' dir='ltr'><strong>cst,«</strong></span> <span class='ocrx_word' id='word_1_702' title='bbox 1182 5524 1521 5584; x_wconf 78' lang='lat' dir='ltr'><strong>etadoravcruntlteum</strong></span> <span class='ocrx_word' id='word_1_703' title='bbox 1537 5523 1787 5592; x_wconf 85' lang='lat' dir='ltr'><strong>sedentemeuper</strong></span> 
     </span>
     <span class='ocr_line' id='line_1_60' title="bbox 81 5605 1789 5692; baseline -0.005 -14"><span class='ocrx_word' id='word_1_704' title='bbox 81 5617 229 5678; x_wconf 86' lang='lat' dir='ltr'><strong>maloram</strong></span> <span class='ocrx_word' id='word_1_705' title='bbox 245 5619 391 5692; x_wconf 84' lang='lat' dir='ltr'><strong>cupiditas</strong></span> <span class='ocrx_word' id='word_1_706' title='bbox 401 5613 808 5676; x_wconf 82' lang='lat' dir='ltr'><strong>ttemdelameotetionibae</strong></span> <span class='ocrx_word' id='word_1_707' title='bbox 818 5616 911 5689; x_wconf 65' lang='lat' dir='ltr'><strong>pout</strong></span> <span class='ocrx_word' id='word_1_708' title='bbox 960 5605 1113 5685; x_wconf 74' lang='lat' dir='ltr'><strong>theoriam,</strong></span> <span class='ocrx_word' id='word_1_709' title='bbox 1127 5617 1278 5676; x_wconf 85' lang='lat' dir='ltr'><strong>dicenter:</strong></span> <span class='ocrx_word' id='word_1_710' title='bbox 1295 5621 1396 5687; x_wconf 78' lang='lat' dir='ltr'><strong>brnen,</strong></span> <span class='ocrx_word' id='word_1_711' title='bbox 1411 5614 1545 5687; x_wconf 86' lang='lat' dir='ltr'><strong>attalaia,</strong></span> <span class='ocrx_word' id='word_1_712' title='bbox 1565 5634 1582 5666; x_wconf 75' lang='grc' dir='ltr'><strong><em>ν</em></strong></span> <span class='ocrx_word' id='word_1_713' title='bbox 1595 5613 1789 5687; x_wconf 73' lang='lat' dir='ltr'><strong>subjunctum</strong></span> 
     </span>
    </p>
   </div>
   <div class='ocr_carea' id='block_1_3' title="bbox 0 0 1998 6064">
    <p class='ocr_par' dir='ltr' id='par_1_3' title="bbox 0 0 1998 6064">
     <span class='ocr_line' id='line_1_61' title="bbox 0 0 1998 6064; baseline 0 0"><span class='ocrx_word' id='word_1_714' title='bbox 0 0 1998 6064; x_wconf 95' lang='lat' dir='ltr'><strong> </strong></span> 
     </span>
    </p>
   </div>
  </div>
 </body>
</html>
