3980 6056
161 245 220 308 stt
709 243 880 309 uueutt'rt
904 243 1071 306 neutris
1094 233 1318 311 TUl'l'IiiNfliS
1809 255 1865 316 5³2

163 381 419 456 comprehendere,
444 385 523 440 metu
548 377 649 454 populi
673 377 890 437 cohiberentur.
916 375 988 434 lluic
1002 377 1029 444 Α
1042 376 1132 435 erexit
1146 395 1188 448 se,
1204 385 1231 438 et
1246 379 1377 439 diritate
1390 382 1868 458 :Quisinepeccatoestvestrum

165 487 233 543 ergo
248 472 331 528 tems
345 486 404 528 sun
415 470 580 527 studentem
590 469 739 526 dicturum
751 466 834 524 illum
845 465 990 540 putabant
1045 468 1159 541 primus
1170 469 1200 526 in
1217 469 1297 528 illam
1315 470 1442 546 lapidem
1459 476 1565 543 mittet,
1582 475 1727 532 etiterum
1740 492 1770 534 ss
1783 475 1867 534 incli-

170 559 776 633 utdimittsrentpeccatricom.Haecautem
788 557 881 631 pietas
892 555 992 613 statim
1045 573 1120 615 nans
1139 559 1286 616 scribebat
1309 561 1338 616 in
1365 564 1485 619 terra.»
1514 563 1587 620 Nota
1610 565 1753 622 sententia
1776 571 1828 635 eet,
1843 575 1868 624 et

170 653 282 725 pateret
297 649 425 720 crimini,
441 654 473 706 ot·
485 649 616 706 dicerent
628 646 671 704 illi
681 647 793 705 robusti
808 644 994 703 aemulatores
1046 645 1169 706 celebris
1181 649 1316 708 universo
1327 649 1401 720 orbi,
1414 667 1502 723 quarn
1514 653 1601 709 edixit
1611 653 1670 724 hio,
1683 671 1740 712 non
1751 655 1868 727 quilibet

170 739 260 814 legis:
277 762 292 791 ιι
307 739 406 796 llostis
421 739 477 812 legi
492 753 534 804 es,
545 741 646 795 contra
666 739 783 808 Moysen
809 735 925 793 locutus
951 751 992 800 ee,
1046 737 1250 795 archisenator
1264 740 1435 811 auteooeul,
1447 741 1630 815 scilicetipse
1642 759 1693 800 rex
1705 749 1734 800 et
1745 744 1868 817 impera·

170 829 228 885 imo
238 835 341 886 contra
355 845 422 884 eum
434 828 483 901 qui
496 832 673 900 parMoysen
684 825 778 898 legem
790 825 879 894 dedit,
894 828 922 881 et
932 839 996 896 pro·
1047 833 1091 883 tor
1112 827 1199 882 curie
1214 826 1350 898 coelestis,
1366 833 1481 886 tautum
1497 829 1609 888 habens
1621 831 1764 904 veritatis,
1780 849 1868 904 quan·

169 917 239 975 inde
253 923 283 974 tu
295 918 357 990 ipse
372 917 549 990 lapidandus
557 933 622 973 ees
634 915 770 988 lgitorut
780 914 809 970 in
822 912 930 971 scelere
941 927 994 970 suo
1047 917 1110 971 tum
1127 915 1374 986 mansuetudinis,
1399 933 1452 974 neu
1476 918 1543 992 plus
1567 920 1704 977 alleviata
1727 921 1864 978 suavitate

170 1010 277 1066 sancte
291 1006 364 1079 legis
378 1006 507 1064 vindices
523 1021 554 1063 ss
564 1005 753 1078 pronuntiare
769 1009 900 1076 possent,
912 1006 941 1060 et
952 999 994 1056 sic
1048 1005 1243 1063 miserationis
1254 1023 1342 1079 quam
1354 1014 1511 1080 aggravata
1522 1009 1645 1067 liberato
1656 1011 1871 1083 pondereJudi·

170 1112 271 1154 omnes
286 1113 319 1154 os
333 1097 518 1154 obstruerent
533 1095 639 1152 idcirco
654 1110 721 1152 oum
736 1092 874 1166 predicta
884 1089 996 1148 machi·
1047 1094 1095 1152 cii.
1113 1095 1166 1152 Sed
1182 1112 1272 1169 quare
1288 1099 1316 1152 et
1332 1099 1507 1154 sententiam
1523 1099 1648 1157 daturus
1663 1100 1747 1172 prins
1759 1101 1787 1156 in
1800 1105 1872 1156 terre

169 1187 288 1245 natione
302 1186 495 1255 adduxerunt,
508 1189 643 1244 eteorum
657 1183 706 1240 illo
719 1179 997 1240 statueruntmulie·
1048 1183 1141 1256 digito
1155 1184 1284 1258 scripsit,
1300 1189 1329 1242 et
1350 1186 1419 1242 data
1442 1188 1590 1245 sententia
1616 1189 1715 1245 denuo
1739 1187 1875 1262 arripnit?

169 1293 231 1336 rem
248 1277 448 1350 peccatricem.
465 1278 520 1335 Sed
537 1278 590 1334 hoc
605 1277 856 1346 modocuptantes
879 1273 909 1329 in
933 1269 998 1328 eni·
1048 1272 1155 1347 Utique
1171 1273 1239 1347 quia
1255 1275 1316 1346 ipse
1340 1279 1396 1346 est,
1424 1277 1484 1348 qui,
1511 1283 1547 1334 ut
1567 1277 1700 1350 predixi,
1726 1279 1825 1352 digito,
1846 1279 1873 1334 id

171 1367 348 1440 maminoti,
364 1373 391 1424 et
406 1367 580 1440 sauguinem
597 1366 784 1422 innocentem
801 1362 997 1420 condemnare
1048 1368 1104 1433 cst,
1121 1368 1261 1435 precepto
1276 1380 1330 1421 suo
1343 1373 1486 1438 precepta
1501 1366 1573 1440 legis
1589 1369 1619 1423 in
1632 1366 1745 1425 tabulis
1761 1367 1875 1440 scripsit

172 1457 426 1531 cupientasffsot.
450 1456 542 1530 xero),
566 1454 642 1511 elusi
667 1458 747 1521 aunt,
772 1453 814 1509 ita
838 1455 870 1507 ut
894 1465 999 1507 nocere
1048 1451 1184 1525 lapideis,
1213 1459 1243 1510 et
1271 1453 1418 1526 prioribus
1441 1454 1552 1513 tubulis
1577 1463 1699 1530 propter
1730 1461 1873 1530 peccatum

173 1563 232 1604 non
244 1549 377 1619 possent,
387 1548 416 1603 at
428 1545 619 1618 peccatricem
629 1544 666 1601 de
677 1542 813 1599 manibus
823 1539 999 1610 amitterent,
1049 1541 1134 1599 vituli
1154 1541 1311 1599 contractis
1331 1542 1404 1600 alius
1427 1545 1520 1602 denuo
1540 1546 1682 1619 scripsit:
1699 1545 1750 1602 llio
1772 1551 1800 1603 et
1820 1545 1874 1601 illio

173 1630 1001 1708 lmopeccatricoapndjustum,miseraapudmisericor·
1052 1647 1224 1704 magnarum
1246 1630 1330 1706 signa
1354 1649 1452 1690 rerum
1480 1633 1593 1692 diversa
1617 1639 1699 1707 sunt,
1715 1651 1760 1693 res
1784 1643 1873 1692 autem

175 1724 254 1782 diam
270 1723 425 1797 intemplo
444 1726 625 1791 remanente,
646 1722 723 1778 toras
746 1719 803 1791 ipsi
828 1716 1000 1775 contusione
1015 1731 1038 1794 Β
1052 1735 1116 1794 qus
1131 1719 1336 1794 significentur
1349 1721 1457 1778 eedem
1474 1729 1553 1780 sunt.
1569 1723 1647 1791 Ouid
1671 1724 1750 1782 enim
1774 1723 1874 1781 tabula

175 1812 266 1886 operti
281 1812 403 1870 exirent.
420 1811 491 1879 Quis
507 1813 561 1868 hoc
577 1812 683 1868 iactum
699 1825 757 1866 non
775 1806 919 1865 miraturi
933 1805 1000 1879 quis
1055 1810 1175 1885 priores,
1192 1827 1255 1884 que
1271 1815 1387 1884 propter
1403 1817 1556 1884 peccatum
1573 1816 1728 1872 contractas
1744 1818 1773 1870 et
1787 1815 1875 1886 proie-

173 1903 251 1960 hano
264 1902 395 1960 veritatis
409 1908 439 1960 et
455 1901 661 1959 misericordia
676 1899 814 1959 victuram
835 1914 893 1955 non
913 1912 997 1954 sene·
1055 1905 1108 1957 ctu
1123 1903 1194 1957 sunt
1207 1899 1305 1971 (deod.
1320 1916 1408 1970 xxxii,
1424 1903 1529 1974 xxxiv),
1545 1902 1602 1959 nisi
1623 1903 1699 1961 dura
1712 1903 1874 1960 iudeorum

173 1992 279 2052 returi
292 1991 337 2050 Sto
352 1991 492 2050 nimirum
509 1990 640 2048 loturum
656 1993 719 2047 erat
733 1993 776 2058 ut,
792 1990 859 2060 post
873 1985 924 2043 illa
937 2000 1001 2059 que
1054 1989 1143 2048 corda
1158 1989 1517 2062 propterinoredulitatem
1529 1991 1721 2064 projicienda,
1733 1991 1876 2065 signitica-

173 2097 265 2156 supra
278 2082 388 2154 scripte
406 2084 486 2150 suot,
503 2081 680 2140 adducerent
693 2079 800 2138 Scribe
816 2081 845 2135 et
864 2075 1003 2134 Pharisaei
1054 2079 1186 2136 verunt?
1201 2079 1285 2146 liam,
1301 2079 1372 2152 quid
1388 2096 1466 2138 nuuc
1480 2081 1577 2154 prima
1592 2082 1627 2139 ed
1643 2082 1828 2140 scribendum
1840 2079 1880 2136 in·

173 2172 365 2246 portaturum
381 2171 546 2238 mulierem,
563 2170 674 2227 utiliori
689 2167 847 2225 Euoleflium
863 2166 900 2222 de
910 2164 1002 2238 genii·
1056 2167 1187 2239 elisatio,
1199 2174 1228 2227 et
1243 2168 1376 2242 protinus
1390 2169 1458 2228 data
1473 2171 1880 2245 significatsententiedioen·

174 2261 231 2319 bus
246 2261 277 2318 in
293 2260 435 2333 templum
451 2261 488 2316 ad
503 2259 663 2323 Christum,
689 2253 821 2331 corporifl
845 2257 874 2312 ei
896 2254 1002 2311 enimc
1056 2258 1097 2316 tis
1112 2273 1120 2316 ι
1136 2281 1152 2311 ιι
1167 2257 1626 2334 Ouisluapeccatoeetueatrum,
1639 2261 1791 2334 primasio
1804 2257 1878 2316 illam

175 2366 236 2408 sues
250 2348 452 2418 litteratorem,
469 2353 499 2405 et
512 2351 743 2421 eapeocatorem
768 2343 934 2418 recipiente
958 2357 1004 2400 re·
1058 2348 1186 2421 lapidem
1207 2349 1314 2417 mittat,
1331 2369 1343 2397 ι
1360 2349 1417 2408 utri
1440 2348 1534 2424 legem
1559 2352 1695 2409 eamdem
1719 2356 1748 2409 ey
1772 2349 1881 2408 Judaeos

145 2516 152 2524 Π
176 2437 362 2506 missionem,
377 2439 435 2511 ipsi
450 2454 517 2494 curn
533 2434 806 2494 mulaconsoientia
823 2434 900 2491 loras
915 2433 1004 2502 irent,
1058 2437 1294 2511 prevaricatores
1308 2440 1384 2512 ejus,
1409 2456 1533 2512 quorum
1560 2459 1591 2496 oe
1616 2457 1653 2498 ex
1676 2458 1708 2498 eo
1731 2445 1807 2497 recte
1833 2435 1879 2493 o'o·

177 2533 207 2586 et
219 2544 287 2586 cum
302 2528 418 2584 invidie
433 2542 495 2584 aaa
510 2529 655 2583 tormento
671 2541 689 2582 a
706 2525 802 2598 gratie
826 2523 1003 2581 exciderent.
1059 2530 1194 2600 struitur,
1212 2547 1248 2587 ns
1268 2531 1407 2587 adversus
1426 2538 1529 2604 gentes
1555 2531 1721 2604 glorientur
1746 2533 1828 2602 (dom.
1843 2529 1879 2598 ιι),

180 2613 1004 2689 CumcuimipriDominiruulvorputultvitjcossfl¹0tl¹⁰ir
1059 2619 1131 2690 quia
1142 2618 1234 2691 legem
1247 2623 1395 2692 acceptam
1408 2637 1465 2675 non
1477 2620 1641 2678 custodisse
1651 2612 1881 2679 convincuntur?

179 2712 209 2765 ot
225 2705 327 2764 lancea
342 2709 560 2781 percusserunt,
584 2705 655 2778 quid
681 2702 761 2761 eliud
790 2717 880 2776 quem
904 2716 1005 2758 verum
1059 2706 1142 2764 Unde
1157 2711 1184 2764 et
1199 2707 1355 2765 subditur:
1372 2729 1386 2760 ιι
1404 2707 1560 2766 audientes
1582 2713 1695 2780 autem,
1722 2723 1798 2765 unos
1822 2704 1883 2777 post

180 2796 232 2854 Dei
247 2795 391 2869 templum
403 2797 601 2869 aparuerunt?
616 2797 649 2850 st
659 2810 725 2851 cum
736 2793 891 2867 perlegam
905 2795 934 2849 et
944 2807 1008 2866 pro·
1062 2813 1153 2855 unum
1169 2797 1299 2870 eribant,
1314 2795 1488 2871 incipientes
1503 2799 1710 2856 asenioribus.
1720 2821 1735 2850 ιι
1754 2785 1882 2866 linquent

182 2887 297 2961 phetes,
319 2885 452 2959 quemvis
469 2883 563 2954 inviti,
580 2883 751 2958 praedicunt,
775 2883 818 2940 siu
840 2881 1007 2956 oportuisse
1061 2889 1138 2960 quod
1155 2885 1214 2943 illic
1229 2885 1365 2944 secundm
1382 2885 1488 2944 isbulae
1500 2885 1593 2944 instar
1608 2886 1736 2960 priorem
1752 2882 1884 2959 praeuisae,

186 2976 250 3034 lieri
262 2977 299 3032 ob
310 2974 576 3033 salutemomnium
588 2975 730 3048 gentium,
744 2973 814 3046 quid
827 2972 907 3029 aliud
919 2985 1007 3043 quam
1061 2980 1090 3032 et
1104 2975 1196 3048 digito
1211 2975 1261 3032 Dei
1278 2975 1482 3049 scriptulaunt,
1499 2979 1527 3034 et
1541 2978 1616 3048 quod
1643 2976 1694 3036 hic
1719 2978 1821 3034 iterum
1843 2971 1885 3028 Je-

184 3065 344 3122 adulteram
359 3064 564 3139 gentilitatem,
580 3079 645 3136 quse
660 3060 1007 3134 virumsumlegitimum
1025 3093 1047 3162 C
1067 3081 1118 3123 sus
1133 3065 1279 3122 inclinans
1300 3081 1331 3122 se
1354 3064 1502 3122 scribehet
1526 3064 1555 3121 in
1581 3074 1667 3138 terra,
1693 3080 1772 3123 nova
1795 3057 1885 3134 gratie

184 3153 297 3212 seilicet
310 3155 474 3211 Creatorem
490 3167 579 3209 snum
595 3150 761 3225 reliquerat,
772 3155 800 3207 et
814 3166 880 3206 cum
895 3148 1009 3206 diaholo
1066 3154 1245 3229 scripturam
1262 3153 1416 3226 significat,
1433 3153 1485 3227 qul
1501 3170 1578 3210 nuno
1593 3154 1707 3226 Spiritu
1727 3152 1777 3210 Dei
1792 3145 1888 3207 scribi-

183 3244 328 3302 iornicata
347 3243 454 3312 iuerat,
465 3239 661 3298 adducnutad
677 3239 826 3297 Christum
837 3239 900 3296 t'l'u
912 3238 1003 3312 igitur
1067 3245 1161 3302 turin
1177 3242 1287 3301 tabulis
1303 3243 1398 3301 cordis
1413 3243 1581 3301 carnatibus
1597 3243 1634 3317 (ιι
1645 3243 1709 3302 cor,
1721 3243 1774 3315 ιιι).
1786 3239 1888 3298 Nouam
1959 3279 1960 3296 ,

185 3333 311 3399 Christe,
328 3333 460 3405 speciose
476 3331 573 3388 ltexin
584 3329 723 3386 omnihus
734 3344 869 3401 prospere
880 3328 1013 3400 procedis
1066 3333 1157 3405 igitur
1172 3332 1342 3401 Ecclesiam,
1359 3349 1424 3406 qua
1440 3332 1629 3406 degentibus
1645 3332 1770 3391 collecta
1784 3337 1835 3398 est,
1845 3327 1889 3398 Sy·

185 3428 214 3481 at
228 3438 343 3496 regnas,
360 3429 477 3494 propter
496 3419 647 3477 veritatem
662 3423 692 3475 et
705 3417 971 3486 mansueludinem,
984 3421 1013 3474 ul
1065 3438 1178 3496 nagoga
1192 3422 1301 3478 torosa
1323 3421 1434 3494 templo
1460 3419 1582 3478 luminis
1606 3423 1711 3479 eterni
1734 3418 1888 3481 recedente,

185 3514 334 3588 justitiam
359 3517 389 3569 st
412 3513 535 3568 deducet
557 3514 586 3566 te
612 3508 786 3566 mirabiliter
814 3509 931 3565 dextera
962 3512 1013 3564 tna
1070 3512 1142 3580 haec,
1159 3515 1191 3567 ut
1206 3510 1376 3584 preadictum
1393 3513 1438 3566 est
1453 3509 1730 3584 multarprrsignut
1744 3525 1806 3583 qus
1820 3504 1889 3563 Sori-

189 3603 274 3675 tPsol.
290 3603 375 3674 xarv),
392 3600 493 3671 tuique
507 3600 537 3656 in
554 3597 691 3654 omuibus
705 3597 866 3654 eluduntur
889 3595 1012 3665 inimici,
1065 3599 1110 3656 his
1124 3603 1152 3656 et
1167 3597 1409 3656 Phariseismela
1419 3599 1598 3658 conscientia
1612 3601 1765 3666 convictis,
1779 3601 1806 3654 el
1819 3597 1890 3650 iore!

190 3693 303 3751 seilicet
317 3690 467 3765 genimine
480 3689 646 3761 viperarum
661 3686 765 3755 iudei,
788 3702 854 3742 cum
882 3684 1014 3758 principe
1067 3688 1325 3756 exeuntibus,sola
1335 3705 1400 3745 com
1411 3689 1558 3746 salvatore
1571 3690 1670 3746 relicta
1681 3686 1889 3760 esthequitur:

190 3799 243 3840 suo
258 3782 394 3848 dracone,
415 3801 426 3830 ι
453 3792 540 3851 quam
563 3777 694 3834 lormasti
717 3775 755 3832 ad
777 3774 961 3832 illudendum
987 3773 1013 3831 ei
1107 3803 1121 3832 ιι
1139 3781 1173 3838 ut
1187 3779 1333 3836 remansit
1347 3778 1428 3836 solua
1442 3786 1469 3835 ct
1484 3779 1591 3836 mulier
1606 3780 1634 3836 in
1657 3781 1756 3836 medio
1775 3789 1860 3835 stans.
1876 3791 1889 3822 ιι

188 3872 274 3948 (Psoi.
291 3871 362 3944 ctu).
380 3868 464 3926 »Sed
479 3867 538 3939 ism
563 3867 598 3922 ad
624 3865 821 3924 narrationem
846 3864 1014 3922 historicum
1070 3871 1123 3928 Sed
1136 3884 1202 3926 ecoe
1213 3868 1347 3926 fortassis
1358 3869 1429 3924 dum
1442 3867 1547 3925 altiora
1558 3869 1697 3942 mysteria
1708 3866 1889 3943 requirimus,

190 3965 356 4020 redeamus.
375 3980 387 4010 r
402 3960 603 4017 iesusautem
618 3955 804 4014 inclinansse
816 3956 965 4024 deorsum,
975 3955 1017 4012 di·
1068 3951 1890 4032 dicatquiapiamscrutatorlittersstudiosus:0uomodo

191 4053 250 4127 gito
266 4049 412 4108 surlbrbul
427 4048 455 4104 in
471 4052 558 4105 terra·
571 4068 586 4099 u
601 4046 675 4112 Quid
689 4045 744 4102 hur
759 4045 796 4102 sd
811 4061 872 4102 rem
888 4045 1015 4118 pertine·
1070 4051 1242 4124 insipientes
1253 4055 1281 4106 et
1295 4047 1417 4122 maligni
1427 4048 1510 4121 impii
1521 4048 1768 4107 thesaurizatores
1779 4047 1825 4103 ire
1835 4039 1890 4111 liei,

191 4143 253 4208 bet,
269 4145 303 4196 ut
324 4136 444 4196 vocibus
473 4135 661 4209 presentium
689 4133 897 4207 interrogatus,
927 4133 1018 4206 digito
1070 4143 1131 4196 tam
1147 4137 1204 4195 cito
1214 4137 1351 4194 adonius
1364 4135 1890 4210 responsionisvocem,solumtasum

192 4229 334 4286 scriberet
347 4227 378 4283 iu
393 4231 482 4290 tarra,
497 4225 574 4294 quod
587 4223 680 4281 lacere
691 4222 796 4280 solitus
807 4221 1020 4280 nonerethi-
1071 4233 1100 4286 nt
1117 4226 1269 4284 mutierem
1285 4227 1314 4282 in
1336 4225 1432 4283 medio
1457 4229 1584 4283 stantem
1610 4225 1809 4301 reliquerunt;
1825 4233 1890 4279 num

195 4317 378 4387 delicetquia
392 4314 605 4387 laqueopsratn
619 4310 723 4369 intenti
739 4315 1018 4382 erant,munsueturn
1072 4333 1137 4374 sose
1152 4317 1298 4373 introrsus
1317 4319 1517 4389 respexerunt,
1534 4321 1563 4374 ct
1586 4315 1692 4374 humili
1719 4308 1891 4376 conscientia

196 4409 225 4464 et
238 4400 453 4461 misericordem
466 4399 708 4474 capera,modum
719 4401 908 4472 stringentes,
918 4399 1018 4457 statim
1072 4410 1280 4478 peccatorem
1291 4393 1892 4478 agnoscanter‚peocrtriremdimiserunt?

196 4497 263 4568 post
276 4492 402 4564 primam
418 4489 648 4562 propositionem
672 4487 805 4546 Mosaios
831 4489 1022 4554 auctoritatis,
1040 4478 1062 4542 D
1078 4499 1151 4568 tergo
1168 4511 1204 4551 no
1219 4495 1248 4551 in
1265 4497 1347 4551 tanta
1361 4492 1523 4566 iniquitatis
1537 4494 1728 4566 abundantia,
1745 4507 1826 4553 mens
1848 4502 1891 4544 ee·
1959 4501 1960 4538 ι

198 4582 357 4654 subjuncta
372 4577 584 4650 assumptione,
601 4577 742 4635 dicendo:
760 4601 774 4630 ι(
790 4581 824 4636 ln
838 4578 902 4652 lege
922 4583 1021 4635 autem
1077 4584 1240 4641 rumtaiem
1253 4583 1344 4656 potuit
1353 4583 1506 4640 admittere
1514 4590 1683 4654 sensum,et
1692 4585 1734 4643 sic
1743 4583 1778 4642 ad
1787 4581 1891 4640 obicem
1959 4641 1960 4650 χ

198 4673 311 4747 Moyses
323 4669 471 4727 manduvit
482 4668 566 4725 nohis
577 4668 747 4740 hujusmodi
757 4667 1023 4742 lapidaresltills
1077 4674 1194 4747 pietatis
1209 4671 1363 4746 quiverunt
1380 4671 1526 4730 offendere
1542 4693 1555 4726 ι
1570 4674 1659 4746 pedes
1674 4689 1775 4732 eorum
1787 4668 1892 4729 veloces
1959 4679 1960 4688 ¹

199 4778 257 4822 non
274 4760 359 4834 paulo
376 4757 516 4831 majorem
533 4772 564 4813 se
579 4757 677 4831 Moyse
691 4773 756 4814 esso
772 4761 903 4824 noverat,
915 4756 1024 4831 quippe
1078 4761 1115 4819 ad
1130 4761 1529 4834 ellundendum'sunguinam
1539 4761 1553 4818 i
1565 4783 1579 4814 ιι
1591 4763 1675 4834 (Psoi.
1687 4762 1762 4837 1111.)
1775 4759 1816 4816 ed
1826 4757 1891 4816 huc,

199 4854 287 4926 eujus
300 4849 418 4922 spiritu,
434 4845 489 4919 acl,
505 4847 584 4920 quod
598 4845 781 4904 manifestius
796 4847 871 4905 w
896 4862 975 4903 nunc
987 4845 1024 4902 ad
1077 4853 1218 4924 inquam:
1234 4849 1297 4908 Non
1313 4849 1355 4907 sic
1368 4850 1561 4918 offenderunt,
1573 4867 1629 4908 non
1641 4853 1729 4911 sioab
1740 4845 1894 4909 intentione

199 4961 260 5003 rem
272 4941 387 5009 attinet,
399 4937 485 5010 cujus
495 4936 598 5011 digito,
610 4935 687 4994 siout
697 4935 727 4994 in
739 4936 961 4994 Deuteronomio
972 4935 1024 4991 ha·
1078 4957 1133 4998 sur
1147 4939 1388 5012 conquieverunt,
1404 4955 1462 4997 non
1486 4956 1520 4997 ιο
1544 4955 1632 4998 sensu
1654 4939 1893 5000 conticescentes:

199 5037 262 5102 bes,
288 5030 427 5102 scriptam
452 5027 482 5084 in
506 5025 616 5083 tabulis
643 5025 769 5099 lapideis
793 5025 888 5100 legem
912 5025 1026 5099 accepit
1082 5034 1194 5086 «Unus
1209 5034 1275 5102 poet
1290 5044 1381 5085 unum
1397 5027 1541 5087 exierunt.
1559 5051 1573 5080 ιι
1599 5031 1654 5088 sed
1685 5031 1777 5105 quid?
1796 5025 1896 5095 Utique

201 5125 323 5199 Moyses.
341 5119 433 5195 igitur
449 5122 480 5176 ut
494 5133 526 5175 se
541 5134 598 5175 nnn
625 5117 730 5174 debere
758 5117 801 5173 vel
826 5132 912 5189 posse
934 5117 1026 5190 Moysi
1079 5119 1250 5194 quiatalam
1264 5119 1329 5190 ejus
1352 5117 1510 5175 audierunt
1533 5121 1764 5193 responsionem,
1787 5118 1821 5175 de
1845 5123 1895 5182 qut

200 5213 373 5273 auctoritate
388 5205 548 5280 constringi
562 5206 750 5280 signiticaret,
768 5221 895 5279 congrue
911 5221 988 5262 nouo
999 5211 1027 5262 et
1081 5207 1192 5265 nullam
1208 5221 1288 5278 spem
1304 5207 1498 5264 accusationis
1515 5206 1623 5265 habere
1644 5213 1774 5282 possent,
1793 5201 1895 5260 idcirce

202 5312 364 5378 opportune
378 5313 442 5358 sese
457 5295 615 5367 inclinans,
632 5297 724 5370 digito
737 5295 884 5353 scrihebat
894 5295 923 5350 in
937 5299 1026 5362 terra,
1081 5297 1194 5355 contusi
1209 5303 1303 5369 empta
1318 5293 1508 5371 reliquerunt.
1522 5297 1604 5354 Unde
1614 5301 1643 5356 et
1651 5297 1894 5373 evangelistarum

203 5395 329 5451 innuens
340 5399 398 5448 tam
409 5388 654 5462 sapienterquaur
666 5384 828 5456 humiliter,
840 5384 919 5458 quod
930 5385 1027 5442 Domi·
1081 5385 1222 5444 dixissetz
1238 5409 1252 5437 α
1269 5385 1351 5442 Unus
1367 5390 1431 5458 post
1447 5402 1539 5444 unum
1555 5386 1682 5460 exibant,
1699 5411 1713 5442 ιι
1734 5383 1830 5447 atatim
1846 5376 1894 5434 ud·

208 5501 265 5541 nos
280 5484 364 5555 legis,
377 5481 454 5554 quod
470 5480 565 5552 major
579 5481 656 5534 esset
671 5493 759 5551 quam
775 5481 898 5552 Moyses.
1077 5475 1189 5548 Junxit,
1205 5497 1219 5526 u
1235 5473 1408 5547 incipientes
1423 5491 1440 5532 a
1454 5476 1631 5535 senioribus.
1648 5500 1663 5530 ιι
1678 5467 1892 5537 Senioresenim
1959 5537 1960 5552 χ

245 5601 258 5627 ι
273 5571 344 5627 Cum
360 5575 457 5626 autem
473 5569 692 5640 perseverarent
714 5567 927 5640 interrogantes
947 5581 1029 5638 aum,
1082 5569 1192 5637 quanto
1207 5565 1375 5636 maioreaao
1386 5563 1570 5636 vetustiores,
1581 5567 1661 5625 tanto
1672 5568 1707 5625 ad
1719 5557 1892 5626 calumnien-
