3980 6056
103 304 162 366 533

625 301 836 366 comunt.
859 301 899 364 ltt
919 301 1037 368 tosti.
1060 338 1100 352 -
1121 307 1194 371 ulti.
1219 307 1297 390 vttl.

1753 313 1812 375 tet

104 435 422 496 dominatructiorsset
432 434 928 511 adcognoscandnmverbnmqnod
943 438 971 506 Α
986 438 1062 498 enlm
1075 443 1134 501 ism
1150 447 1334 504 accusatores
1343 461 1431 518 qnam
1439 449 1528 506 testea
1540 446 1604 504 sine
1614 445 1737 506 crimine
1746 462 1813 506 esse

105 525 281 586 calumniari
299 527 452 599 nequirent
479 527 718 602 perspicaciores,
735 527 785 584 ubi
810 543 931 601 respon·

106 633 171 676 sum
187 617 253 690 ejus
268 616 438 684 audierunt,
455 617 549 690 primo
564 618 694 675 validum
709 620 737 676 et
752 617 933 692 inexpugna-

105 707 165 764 bile
182 722 248 764 esse
262 712 521 780 praesenseruntet
535 707 643 765 idcirco
652 706 748 781 primo
763 706 826 764 loco
836 721 933 766 casse·

105 801 187 855 runt.
209 795 295 868 Nam,
326 801 357 854 at
385 813 476 870 snpra
503 797 615 854 dictum
646 802 702 865 eet,
727 813 794 854 eum
824 797 933 854 scirent

104 887 192 944 lllum
209 892 397 945 mansuetum
413 903 475 945 esse
490 891 520 945 at
548 889 641 960 pium,
658 889 716 944 imo
740 903 807 944 cnm
823 888 933 944 seirent

105 993 174 1035 enm
190 975 392 1049 penitentiam
417 976 585 1048 predicare,
601 975 792 1050 publicanum
817 989 931 1049 quoque

103 1081 238 1136 accuse,
270 1071 300 1123 et
338 1081 404 1122 cum
439 1066 640 1138 peccatoribus
682 1081 799 1139 quoquc
844 1081 930 1122 man·

986 528 1016 586 in
1033 531 1188 604 omni,sive
1202 533 1319 604 divine,
1335 536 1395 593 eive
1411 535 1640 610 humano,legle
1651 539 1733 610 justo
1744 553 1811 594 exa·

987 619 1076 676 mlna.
1093 625 1130 678 st
1145 620 1187 680 illl
1202 623 1374 682 criminosos
1390 641 1421 682 οο
1440 641 1505 682 οοοο
1520 625 1589 700 luga
1604 644 1658 684 sue
1684 625 1811 684 conleesl

987 711 1068 778 sant,
1078 709 1148 768 dum
1160 711 1261 784 judice
1275 718 1420 786 querente
1436 719 1525 771 testas
1538 716 1604 772 sina
1614 716 1746 784 crimine,
1761 715 1811 788 qui

987 798 1250 870 primisecundum
1266 801 1359 876 legem
1380 803 1508 876 lapidem
1525 805 1686 872 mitterent,
1708 819 1811 862 omues

986 887 1326 962 exierunt.lgiturjudex
1341 892 1398 950 iste
1413 893 1517 964 estqui
1534 893 1616 949 aedat
1630 911 1720 967 super
1734 894 1813 951 thro·

986 979 1158 1050 numlibet.
1175 981 1214 1052 tx)
1236 986 1265 1037 et
1276 981 1390 1052 iudicat
1406 983 1585 1054 equitatem,
1602 982 1674 1039 nibil
1691 999 1812 1056 prorsus

985 1081 1074 1138 agens
1086 1074 1166 1125 extra
1175 1069 1223 1141 ius
1236 1069 1387 1144 legemque
1393 1071 1510 1143 judicii,
1524 1071 1596 1127 dum
1608 1073 1812 1130 deficientibus

104 1157 213 1214 dncsre
227 1153 334 1228 (butte
350 1155 410 1228 ηις
427 1156 505 1212 unde
521 1159 550 1214 at
563 1155 795 1229 improperantes
809 1154 835 1212 ei
851 1155 929 1212 diee-
985 1157 1205 1214 accusatoribus
1220 1163 1366 1233 caeptamq
1389 1175 1405 1216 a
1430 1175 1550 1217 causam
1566 1161 1809 1234 relinquentibus,

102 1245 186 1312 bant,
203 1263 218 1296 ιι
234 1244 312 1316 qnod
336 1248 414 1300 esset
430 1243 518 1302 homo
533 1260 631 1315 vorax,
660 1248 689 1303 ct
717 1247 832 1319 potator
858 1242 928 1313 vini,
984 1244 1025 1302 ita
1040 1246 1160 1303 demum
1177 1245 1325 1304 decedenti
1335 1247 1447 1319 jndicio
1464 1248 1696 1307 misericordiam
1712 1251 1812 1308 aubro-

105 1331 221 1390 amicos
236 1331 462 1404 publicanorum
477 1336 507 1389 et
522 1337 706 1404 pennatorum
722 1332 826 1405 (autre.
843 1331 883 1406 xi)
896 1347 928 1401 ς»
984 1349 1074 1405 gans:
1093 1356 1107 1386 ιι
1123 1335 1181 1392 Νοο
1195 1351 1248 1408 ego
1263 1339 1293 1393 te
1307 1337 1521 1409 condemnabo,
1538 1359 1553 1388 ιι
1568 1337 1684 1410 inquit;
1707 1355 1808 1395 verum

104 1436 184 1488 eom,
201 1420 334 1493 inquam,
351 1419 410 1476 bau
438 1421 560 1492 scirent,
588 1437 641 1478 nec
662 1421 831 1492 ignorarent
852 1421 928 1494 quod
984 1421 1046 1480 beo
1065 1424 1130 1496 ipsa
1145 1424 1344 1481 misericordia
1360 1441 1418 1481 non
1434 1427 1477 1482 sic
1493 1430 1612 1498 peccata
1627 1427 1759 1492 remittit,
1776 1433 1807 1484 ut

105 1512 249 1568 adversus
265 1509 399 1568 Pbarisai
421 1511 612 1585 cogitationes
627 1514 818 1584 peccatricem
840 1511 929 1570 aliam
985 1513 1097 1570 tribuat
1123 1528 1239 1586 quoque
1268 1513 1414 1571 licentiam
1439 1515 1588 1587 peccandi,
1615 1516 1665 1572 sed
1699 1515 1808 1572 ideirco

105 1601 219 1658 dudum
233 1600 424 1668 deiendieset,
442 1617 506 1672 que
522 1600 655 1674 tetigerat
669 1601 758 1672 pedes
771 1601 837 1672 ejus
852 1603 929 1674 (bac.
982 1601 1126 1674 judicium
1142 1601 1307 1676 suspendit,
1324 1605 1355 1658 ut
1370 1607 1452 1658 vacat
1469 1603 1611 1674 peccatori
1628 1619 1694 1660 cnm
1711 1605 1807 1660 lructo

104 1691 167 1765 aar),
183 1690 403 1748 arbitrabantur
417 1691 494 1763 quod
508 1695 539 1748 et
550 1691 636 1748 iststn
654 1691 815 1750 adulteram
832 1691 930 1749 delen·
985 1691 1162 1765 poeniteutiae
1179 1692 1344 1749 recederes
1372 1691 1505 1763 peccatis.
1524 1689 1607 1748 Unde
1632 1697 1661 1750 et
1675 1693 1810 1765 protinus

104 1796 195 1838 surus
209 1777 390 1851 esaet,talem
406 1778 509 1853 utique
519 1795 672 1853 personam
683 1779 802 1854 qualem
814 1779 929 1852 slgnan·
945 1806 970 1874 B
985 1781 1086 1838 subdit
1098 1797 1104 1836 ε
1118 1804 1133 1832 ιι
1148 1779 1238 1848 Vade,
1255 1784 1283 1837 et
1302 1777 1430 1854 amplius
1455 1779 1514 1836 noli
1530 1795 1658 1852 peceare.
1676 1803 1690 1832 ιι
1703 1781 1734 1838 ln
1751 1799 1809 1839 una

103 1873 148 1926 ter
163 1867 287 1942 lapidari
298 1868 429 1940 Josaerat
440 1867 497 1938 lex,
513 1869 591 1928 unde
618 1873 648 1926 et
662 1869 835 1926 damnarant
864 1885 929 1927 eum
984 1870 1145 1942 eadamque
1159 1869 1306 1926 sententia
1317 1866 1518 1925 misericordia
1532 1868 1678 1926 etveritae
1690 1870 1810 1928 obviant

102 1957 193 2016 relati
208 1957 463 2030 reumqoilagem
480 1957 592 2018 solvere
614 1958 816 2016 contenderet.
832 1958 931 2018 lltllle
982 1958 1049 2028 sibl,
1074 1957 1192 2031 lustitia
1216 1963 1246 2015 et
1273 1975 1330 2030 pax
1358 1958 1483 2015 lnvlcem
1521 1957 1694 2016 osculantur
1719 1961 1808 2024 (Prot.

102 2064 156 2106 nec
169 2047 206 2104 ad
221 2047 368 2104 dexteram
380 2062 432 2118 nep
446 2045 483 2104 ad
498 2047 648 2106 sinistram
664 2046 829 2115 declinans,
840 2047 930 2105 talem
982 2049 1105 2122 uxxxtv).
1122 2049 1195 2106 Natu
1216 2047 1296 2122 quod
1323 2047 1383 2104 ait:
1412 2069 1427 2098 ιι
1441 2046 1519 2104 Vade
1545 2046 1751 2106 misericordie
1779 2054 1808 2108 et

102 2136 281 2194 seutentiam
296 2135 517 2208 dederat,quaro
535 2149 587 2193 neo
602 2135 809 2194 intirmarelex
820 2135 929 2207 divina,
982 2138 1064 2212 pacis
1079 2139 1221 2212 est,quod
1238 2136 1373 2210 adjungit
1384 2134 1552 2209 etamplius
1563 2137 1646 2196 «noli
1659 2153 1805 2211 peccarem

102 2242 156 2284 nec
171 2229 360 2284 contemnere
373 2226 446 2282 ratio
467 2230 566 2299 posset
591 2225 731 2283 humana.
754 2226 816 2284 lllis
839 2226 930 2300 hujus
983 2226 1248 2286 saeveritatem
1262 2224 1392 2298 justitie.
1409 2223 1452 2280 Ita
1466 2223 1600 2284 vivorum
1616 2229 1645 2282 et
1673 2232 1805 2284 mortuo·

102 2315 255 2374 sententie
270 2314 472 2374 tortitudinem
488 2313 754 2387 considerantibus,
770 2321 798 2374 et
813 2316 850 2374 ob
874 2316 930 2374 hou
982 2333 1047 2374 rum
1056 2318 1147 2389 jndex
1157 2316 1454 2390 equissimusmeque
1466 2313 1562 2371 solum
1570 2316 1717 2388 judicium
1727 2333 1807 2375 com·

102 2405 176 2463 nibil
193 2421 225 2464 se
241 2405 380 2479 prolicere
394 2403 603 2474 sentientibus,
619 2405 761 2463 remansit
776 2421 842 2464 cum
858 2405 929 2464 iesu
982 2408 1126 2476 minatur,
1142 2423 1237 2480 neque
1263 2406 1359 2462 solum
1380 2402 1612 2462 misericordiam
1641 2406 1805 2480 pollicetur,

103 2495 168 2554 sola
187 2493 295 2552 mulier
307 2494 338 2552 in
354 2496 448 2553 medio
463 2499 557 2564 stane,
572 2501 601 2551 et
620 2494 728 2552 abillis
754 2495 930 2555 exeuntibus
982 2497 1034 2554 sad
1049 2501 1220 2554 cunctorum
1237 2495 1391 2554 hominum
1403 2492 1686 2568 rationee,tanquam
1699 2500 1809 2554 statera

102 2587 205 2646 relicta
218 2591 263 2644 est
276 2601 367 2643 cauea
381 2587 457 2658 ejus,
472 2589 614 2658 tanquam
630 2587 751 2660 laqueus
771 2587 886 2646 inutilis
900 2593 930 2646 et
977 2585 1277 2656 justa,miearicordio
1292 2587 1380 2643 simul
1396 2592 1425 2644 οι
1443 2584 1568 2658 judicio,
1583 2585 1674 2643 veluti
1693 2585 1809 2640 duabus

102 2680 181 2734 recte
196 2675 343 2742 inelllcsx,
358 2690 417 2746 qua
444 2674 594 2748 proposita
609 2676 651 2732 sic
678 2679 765 2733 Jesua
793 2693 853 2734 uno
880 2693 928 2735 sa·
982 2675 1168 2732 discriminat
1180 2675 1325 2734 lancibus.
1337 2677 1440 2735 Omnis
1450 2675 1702 2745 anima,univerea
1713 2673 1810 2732 beele-

101 2765 219 2839 pientiae
248 2779 400 2837 responso,
422 2779 543 2838 caprae,
567 2765 749 2839 hinnuloque
777 2783 927 2824 cervorum
981 2763 1035 2832 aia,
1047 2762 1193 2837 quondam
1211 2779 1262 2836 per
1277 2765 1456 2822 adulterium
1469 2763 1586 2823 diabolo
1601 2765 1806 2836 subiugataei

101 2853 209 2912 similis
224 2853 315 2927 (Ceut.
329 2851 370 2924 u),
387 2852 416 2908 in
430 2851 523 2909 altum
547 2853 690 2922 exilierat,
705 2858 739 2912 ot
752 2871 818 2912 eum
848 2855 928 2913 nulla
981 2869 1014 2911 eo
1027 2869 1059 2909 se
1073 2852 1186 2909 lancem
1199 2853 1305 2923 judicii
1327 2855 1542 2927 superexaltare
1558 2853 1689 2921 conlidit,
1706 2852 1730 2908 si
1747 2869 1805 2908 oon

100 2957 210 2998 canum
224 2940 350 2997 istorum
366 2941 505 3012 consequi
520 2945 619 3014 posset
633 2941 753 3000 astutia.
770 2943 863 3016 Igitur
878 2945 927 3001 isti
980 2943 1087 3010 inanis,
1103 2942 1152 2999 sed
1171 2943 1226 3000 lide
1241 2948 1270 2999 et
1285 2946 1400 3000 sctibue
1416 2944 1501 3000 bonis
1516 2947 1625 3000 onusto
1639 2941 1805 2998 misericor-

101 3027 321 3104 laroaclymitse,
338 3032 370 3084 ut
384 3028 571 3101 putabantur,
583 3030 767 3089 emulatores
783 3031 866 3105 legis,
881 3049 929 3090 re-
981 3032 1035 3090 die
1051 3034 1178 3105 graviter
1191 3032 1345 3089 incumbit.
1363 3032 1518 3104 Sequitur:

99 3137 170 3178 vera
183 3121 283 3176 autem
299 3117 447 3191 principes
468 3118 662 3177 Sodomorum
678 3136 730 3192 per
755 3121 926 3194 prophetam
1020 3143 1034 3172 ιι
1049 3121 1157 3178 lterum
1174 3136 1242 3195 argo
1256 3123 1342 3178 iesus
1357 3119 1472 3179 locutus
1485 3123 1529 3178 est
1543 3119 1596 3191 eie,
1610 3120 1729 3176 dicens:
1746 3119 1805 3192 ligo

100 3209 185 3278 dicti,
200 3206 752 3281 exeuntesreliquerontmiseram,non
763 3209 925 3283 qulasoatn
942 3175 968 3246 0
984 3225 1050 3268 sum
1063 3209 1296 3276 luxmundioui
1307 3211 1442 3284 sequitur
1452 3224 1571 3279 me,non
1582 3206 1753 3264 ambulatio
1765 3214 1806 3265 te·

103 3315 293 3373 recognovere
309 3299 473 3369 miseriam,
484 3300 534 3357 sed
550 3301 621 3373 quia
636 3299 760 3374 quilibet
774 3302 811 3360 de
824 3301 877 3359 illa
890 3303 929 3360 le·
984 3299 1280 3370 nabris,aedbababit
1293 3299 1393 3356 lumen
1405 3304 1479 3356 vttc.
1488 3297 1702 3370 »llrgminquit
1714 3296 1806 3354 livan-

104 3392 226 3460 cissent,
241 3406 300 3448 non
316 3389 459 3446 habereut
470 3389 549 3446 unde
563 3394 736 3448 accusarent
763 3391 929 3450 misericor·
983 3388 1098 3465 gelista,
1114 3389 1183 3462 qnia
1197 3393 1346 3461 tantopere
1359 3387 1526 3445 nitebantur
1539 3387 1648 3444 Scribas
1663 3392 1689 3442 et
1704 3385 1807 3442 Phari·

104 3478 266 3551 diurnum.
283 3479 316 3550 r).
983 3477 1033 3536 ami
1049 3477 1213 3536 annihilare
1228 3482 1400 3553 presentem
1424 3477 1550 3553 gratiam
1567 3475 1629 3545 Dei,
1643 3479 1672 3532 at
1693 3475 1808 3534 auterre

140 3587 156 3619 ιι
169 3566 293 3640 Erigone
317 3574 413 3623 autern
429 3582 461 3624 se
472 3566 570 3634 Jesus,
587 3567 659 3624 dixit
673 3567 719 3624 ei:
736 3567 850 3638 Mulier,
878 3570 928 3626 uhi
983 3569 1019 3625 de
1032 3568 1129 3626 medio
1141 3567 1345 3628 testimouium
1359 3565 1500 3634 veritatis,
1512 3581 1563 3623 orn
1573 3570 1746 3624 cunctorum
1759 3564 1808 3623 ob·

103 3659 175 3715 sunt
189 3654 240 3728 qui
265 3657 295 3712 te
309 3654 512 3712 accusabant?
527 3654 617 3714 Nemo
645 3664 673 3714 ιο
700 3657 929 3716 condemnavit?
983 3658 1134 3727 struendo,
1149 3658 1229 3715 verbi
1244 3658 1348 3731 gratia,
1359 3657 1508 3714 dicentes:
1525 3677 1541 3708 ιι
1556 3654 1696 3729 Nunquid
1712 3658 1742 3714 et
1755 3670 1808 3711 vos

104 3748 172 3814 Qua
185 3744 278 3801 dixit:
294 3743 397 3814 Nemo,
414 3744 547 3802 Domine.
563 3745 640 3803 Dixit
654 3751 752 3803 autem
768 3747 794 3804 ai
819 3745 928 3806 lesus:
983 3748 1096 3805 seducti
1112 3748 1193 3816 estis,
1211 3751 1239 3803 et
1254 3746 1388 3818 nunquid
1404 3750 1433 3803 et
1447 3750 1477 3802 tu
1506 3745 1644 3802 Goliltaus
1659 3760 1691 3802 es
1716 3747 1805 3816 (loon.

102 3835 161 3893 Nec
174 3849 229 3908 ago
243 3838 273 3891 ta
285 3834 499 3892 condemnabo.
516 3855 531 3886 ιι
543 3834 683 3900 Quamvis
699 3852 716 3892 a
730 3837 928 3895 tentatoribus
982 3839 1067 3909 νιι),ιι
1081 3841 1110 3896 οι
1124 3837 1165 3893 ita
1180 3839 1258 3892 metu
1275 3833 1391 3892 illorum
1408 3833 1561 3891 delloiebat
1575 3847 1661 3890 omne
1676 3833 1807 3890 testimo·

103 3923 257 3980 insidiosis
271 3923 376 3982 luisset
387 3924 519 3994 judicare
541 3925 719 3996 postulatus,
734 3929 846 3997 minen,
861 3925 930 4000 qula
983 3926 1066 3984 nium
1081 3925 1246 3991 bominum,
1267 3923 1404 3995 ipsemet,
1420 3921 1455 3980 da
1481 3938 1539 3995 quo
1554 3937 1607 3994 per
1631 3920 1805 3993 prophetato

103 4025 203 4068 revera
217 4027 230 4054 ι
245 4006 308 4082 ipse
328 4013 383 4078 eat,
398 4008 449 4082 qui
464 4010 645 4068 constitutus
672 4015 718 4068 eet
736 4027 753 4068 a
770 4013 825 4069 lieo
837 4012 929 4084 judex
984 4016 1079 4072 tuerat
1094 4013 1264 4086 predictum
1277 4012 1500 4069 :alicceteetern
1516 4009 1632 4084 populis
1645 4009 1709 4066 dedi
1726 4024 1806 4079 eum,

103 4100 235 4156 vivorum
250 4104 279 4156 et
294 4104 475 4156 mortuorum
490 4099 557 4172 (let.
573 4101 614 4172 x),
630 4122 645 4150 ιι
672 4105 779 4173 presto
806 4118 837 4160 aa
865 4119 929 4160 cesa
984 4107 1049 4178 (lac.
1066 4103 1122 4176 nv),
1139 4123 1154 4154 ιι
1168 4102 1250 4160 οοιοο
1275 4102 1304 4158 in
1330 4101 1497 4160 testimonio
1513 4099 1685 4173 persistens,
1701 4098 1805 4155 iterum

104 4189 281 4256 indicaturo
292 4187 352 4246 ullo
367 4189 605 4247 mododillltatur
615 4189 829 4261 seludicem,et
840 4209 929 4264 penes
984 4195 1101 4252 locutus
1112 4195 1157 4251 est
1171 4193 1214 4251 eis
1223 4193 1340 4250 dicens:
1350 4216 1364 4244 ιι
1373 4192 1432 4265 ligo
1443 4205 1509 4248 eum
1521 4191 1572 4248 lux
1586 4188 1698 4247 mundi.
1709 4209 1723 4240 u
1734 4193 1806 4262 Hoc,

106 4277 467 4352 sejudicandiesselagem
477 4280 777 4351 acpotestatem,dum
786 4282 931 4340 sententia
983 4285 1119 4359 inquam,
1134 4282 1240 4342 iterum
1256 4282 1372 4340 locutus
1389 4281 1462 4338 dixit
1477 4279 1530 4348 eie,
1545 4280 1573 4334 id
1590 4283 1644 4346 est,
1660 4277 1715 4338 boc
1729 4278 1805 4337 dicto

106 4368 228 4424 dictast
243 4366 460 4426 accusatoribus
483 4367 624 4440 egressis:
650 4390 665 4420 ιι
679 4366 792 4435 llulier,
822 4369 928 4442 iuquit,
983 4373 1056 4432 illud
1072 4373 1198 4444 iteravit,
1214 4373 1293 4446 quod
1306 4371 1400 4445 pridie
1410 4377 1493 4427 stane
1506 4373 1535 4426 et
1549 4368 1681 4426 clamans
1696 4367 1808 4425 dixerat

106 4455 156 4513 ubi
171 4461 245 4514 eunt
259 4456 309 4530 qui
326 4465 352 4514 te
365 4455 567 4514 accusabant?
582 4477 598 4508 a
612 4460 669 4514 etc.
685 4458 748 4516 Non
773 4459 851 4517 enim
868 4465 931 4518 erat
984 4465 1044 4523 eis:
1064 4487 1074 4514 ι
1092 4463 1122 4522 Si
1139 4463 1205 4537 quis
1220 4461 1293 4530 sitit,
1309 4461 1408 4518 veniat
1422 4461 1458 4517 ad
1475 4475 1532 4527 me,
1554 4479 1565 4510 a
1593 4462 1648 4515 eto.
1667 4458 1715 4516 Sic
1729 4459 1807 4515 enim

106 4546 258 4604 excusatio
268 4547 386 4619 ludicii,
397 4547 616 4620 quoddixerat:
635 4567 649 4602 ι
664 4548 716 4616 oui
734 4549 797 4607 sina
810 4555 929 4621 peccato
944 4543 972 4613 D
987 4555 1075 4613 dictis
1089 4552 1148 4610 illis
1163 4553 1424 4609 ietaconeonanter
1438 4549 1582 4606 cobserent
1593 4555 1622 4604 et
1634 4550 1806 4612 consonant,

107 4643 161 4706 est,
179 4637 432 4709 primusinillam
461 4636 588 4710 lapidem
605 4637 711 4706 mittat,
740 4659 755 4690 ι
785 4642 931 4713 quomodo
987 4661 1051 4717 quaa
1068 4657 1146 4699 nuuc
1161 4641 1267 4698 iterum
1284 4639 1411 4709 loquitur
1425 4638 1652 4711 dicenetallgo
1667 4653 1732 4694 aum
1757 4636 1808 4693 lux

107 4725 193 4792 illud,
206 4727 283 4799 qnod
301 4741 367 4782 cum
379 4726 501 4783 dixisset
514 4726 540 4783 ei
551 4726 670 4799 quidam
681 4728 717 4784 de
730 4730 817 4785 turba
830 4746 837 4786 ε
848 4751 861 4782 ιι
874 4730 932 4786 lda-
986 4733 1100 4800 mundi,
1118 4753 1132 4782 ιι
1147 4735 1203 4787 οιο.
1220 4745 1279 4802 quc
1295 4729 1324 4785 in
1350 4727 1473 4801 psalmo,
1490 4743 1556 4783 oum
1573 4727 1682 4782 dictum
1709 4731 1806 4784 esset:

108 4816 210 4889 gistar,
225 4814 273 4871 dic
288 4815 366 4872 lrstrl
383 4831 458 4882 meo,
474 4819 507 4872 ut
525 4815 636 4872 dividat
649 4833 763 4875 mecum
778 4818 931 4876 beredita-

109 4903 382 4977 tatn,reapondit:0
392 4904 491 4973 homo,
503 4905 570 4977 quis
584 4921 631 4964 me
641 4907 792 4965 constituit
802 4907 933 4980 judicent

109 5002 160 5053 sut
173 4995 330 5054 divisorem
359 4996 625 5071 supermolarem
655 4999 699 5072 rt.)
722 4999 796 5056 Nam
817 5005 933 5058 terrena

109 5086 228 5158 quidem
241 5085 323 5143 lucra
338 5086 510 5160 dispensare
525 5088 716 5160 autjudicsrs
732 5103 788 5146 non
803 5093 931 5162 venerat,

109 5174 161 5234 sed
176 5175 214 5234 sd
237 5174 413 5234 remittenda
426 5175 471 5233 vel
486 5176 640 5234 retinenda
654 5183 773 5250 peccata
784 5177 930 5251 judicium

108 5282 197 5324 omne
211 5283 229 5322 a
243 5265 327 5323 Patre
349 5270 499 5338 acceperat
513 5267 604 5338 (locu.
620 5274 657 5334 v).
684 5269 764 5335 Quod
780 5284 850 5342 ergo
873 5269 930 5327 ait:

109 5354 247 5424 «sentim,
258 5356 310 5413 ubl
324 5361 395 5413 eunt
409 5355 457 5428 qui
473 5358 501 5412 te
515 5356 718 5412 accusabant?
728 5378 743 5408 ι
757 5358 871 5416 Judicis
884 5375 931 5416 va·

109 5448 227 5506 ritatem
244 5445 290 5503 vel
300 5445 405 5518 judicii
422 5445 619 5504 maturitatem
635 5453 763 5518 resonat,
780 5449 850 5523 quia
865 5465 932 5522 pro·

110 5537 185 5594 lectu
195 5535 344 5608 judicium
361 5533 527 5609 legitimum
540 5551 597 5592 non
610 5540 734 5604 recusat,
750 5540 800 5594 sed
817 5554 934 5595 aecusa-

110 5632 190 5686 torea
206 5641 264 5684 nou
289 5625 436 5698 legitimos
463 5626 578 5685 venisse
606 5628 786 5699 comprobet.
815 5633 933 5702 Oportet

988 4843 1003 4874 ιι
1017 4821 1159 4887 Quoniam
1176 4818 1254 4892 apud
1271 4828 1296 4875 te
1311 4823 1357 4874 eet
1373 4818 1437 4873 lons
1451 4815 1527 4884 vitre,
1545 4814 1670 4872 »statim
1681 4813 1808 4884 sublun-

987 4915 1066 4968 ctntn
1082 4914 1170 4966 ests«
1187 4907 1221 4965 et
1240 4908 1268 4964 in
1298 4907 1410 4964 lumine
1435 4910 1486 4962 tuo
1513 4903 1678 4961 videbimus
1707 4901 1808 4959 lumen

987 4998 1077 5072 (Paci.
1094 4999 1189 5070 xxxv).
1207 5017 1220 5050 ι
1236 4996 1370 5054 Christus
1392 4995 1471 5052 euim
1489 4993 1537 5050 liei
1554 4991 1697 5065 sapientia
1723 4991 1811 5049 nobis

988 5107 1047 5148 unc
1062 5089 1223 5160 eodemque
1236 5090 1313 5156 actu,
1326 5089 1356 5142 at
1370 5083 1507 5158 poculum
1523 5086 1552 5140 et
1565 5081 1665 5137 lumen
1680 5081 1811 5152 est,qnia

987 5178 1121 5236 videlieet
1135 5175 1271 5250 quisquis
1285 5190 1361 5247 aqua
1381 5173 1471 5246 hujus
1487 5170 1637 5244 sapientia
1653 5169 1810 5240 imbuitur,

988 5267 1089 5325 statim
1105 5264 1232 5322 clerilico
1248 5280 1335 5320 sensu
1352 5279 1369 5318 a
1389 5260 1506 5318 cunctis
1530 5273 1662 5316 errorum
1679 5258 1810 5316 tenebris

987 5355 1186 5414 liberaturm
1197 5351 1318 5426 proinde
1330 5354 1406 5408 recte
1421 5357 1447 5406 et
1462 5347 1511 5404 hic
1520 5347 1556 5404 de
1566 5346 1663 5420 seipso
1673 5347 1808 5419 loquens,

988 5465 1055 5507 cum
1071 5446 1213 5505 dixisset:
1229 5470 1241 5496 ι
1256 5445 1285 5501 si
1299 5444 1365 5516 quia
1386 5441 1459 5510 sitit,
1474 5439 1572 5497 veniat
1585 5438 1620 5494 ad
1647 5455 1703 5508 me,
1720 5445 1749 5497 et
1763 5441 1809 5498 bi-

987 5539 1050 5607 bat,
1066 5557 1081 5588 ιι
1097 5536 1151 5592 hoc
1165 5534 1265 5608 ipsum
1288 5532 1414 5589 iterans:
1432 5530 1519 5604 «ligo
1535 5545 1613 5595 aum,
1627 5529 1733 5601 inquit,
1758 5529 1808 5588 lux

988 5625 1103 5694 mundi,
1122 5645 1136 5675 ι
1152 5631 1177 5681 οι
1193 5623 1222 5680 in
1238 5620 1353 5695 psalmo
1370 5618 1514 5694 Propheta
1537 5633 1603 5676 cum
1627 5617 1750 5678 dixisset
1772 5621 1809 5678 de
